
@article{Bally:2006a,
  adsnote =	 {Provided by the SAO/NASA Astrophysics Data System},
  adsurl =	 {http://adsabs.harvard.edu/abs/2006AJ....131..473B},
  author =	 {{Bally}, J. and {Licht}, D. and {Smith}, N. and
                  {Walawender}, J.},
  date-added =	 {2008-11-24 12:46:16 -0600},
  date-modified ={2013-05-16 16:43:05 +0000},
  doi =		 {10.1086/498265},
  journal =	 {\aj},
  keywords =	 {ISM: Herbig-Haro Objects, ISM: Individual: Name:
                  Orion Nebula, ISM: Jets and Outflows, Stars:
                  Formation, Stars: Pre-Main-Sequence},
  month =	 jan,
  pages =	 {473-500},
  title =	 {{Irradiated and Bent Jets in the Orion Nebula}},
  volume =	 131,
  year =	 2006,
  bdsk-url-1 =	 {http://dx.doi.org/10.1086/498265}
}

@article{Henney:1998b,
  adsnote =	 {Provided by the SAO/NASA Astrophysics Data System},
  adsurl =	 {http://adsabs.harvard.edu/abs/1998AJ....116..322H},
  author =	 {{Henney}, W.~J. and {Arthur}, S.~J.},
  date-added =	 {2012-03-09 15:38:28 +0000},
  date-modified ={2013-05-16 16:43:07 +0000},
  doi =		 {10.1086/300433},
  journal =	 {\aj},
  keywords =	 {ISM: H II REGIONS, ISM: GLOBULES, ISM: INDIVIDUAL:
                  MESSIER NUMBER: M42, STARS: INDIVIDUAL:
                  CONSTELLATION NAME: THETA\^{}1 ORIONIS C, STARS:
                  PRE-MAIN-SEQUENCE},
  month =	 jul,
  pages =	 {322-335},
  title =	 {{Modeling the Brightness Profiles of the Orion
                  Proplyds}},
  volume =	 116,
  year =	 1998,
  bdsk-url-1 =	 {http://dx.doi.org/10.1086/300433}
}

@article{Boyden:2020a,
  adsnote =	 {Provided by the SAO/NASA Astrophysics Data System},
  adsurl =
                  {https://ui.adsabs.harvard.edu/abs/2020ApJ...894...74B},
  archiveprefix ={arXiv},
  author =	 {{Boyden}, Ryan D. and {Eisner}, Josh A.},
  date-added =	 {2020-07-01 16:56:27 -0500},
  date-modified ={2020-07-01 16:56:28 -0500},
  doi =		 {10.3847/1538-4357/ab86b7},
  eid =		 74,
  eprint =	 {2003.12580},
  journal =	 {\apj},
  keywords =	 {Astrophysics - Earth and Planetary Astrophysics,
                  Astrophysics - Astrophysics of Galaxies,
                  Astrophysics - Solar and Stellar Astrophysics},
  month =	 may,
  number =	 1,
  pages =	 74,
  primaryclass = {astro-ph.EP},
  title =	 {{Protoplanetary Disks in the Orion Nebula Cluster:
                  Gas-disk Morphologies and Kinematics as Seen with
                  ALMA}},
  volume =	 894,
  year =	 2020,
  bdsk-url-1 =	 {https://doi.org/10.3847/1538-4357/ab86b7},
  bdsk-url-2 =
                  {https://ui.adsabs.harvard.edu/abs/2020ApJ...894...74B}
}

@article{Duchene:2018a,
  adsurl =
                  {https://ui.adsabs.harvard.edu/abs/2018MNRAS.478.1825D},
  archiveprefix ={arXiv},
  author =	 {{Duchêne}, G. and {Lacour}, S. and {Moraux}, E. and
                  {Goodwin}, S. and {Bouvier}, J.},
  date-added =	 {2022-03-25 12:42:31 -0600},
  date-modified ={2022-03-25 12:42:49 -0600},
  doi =		 {10.1093/mnras/sty1180},
  eprint =	 {1805.00965},
  journal =	 {\mnras},
  keywords =	 {binaries: visual, stars: pre-main-sequence, open
                  clusters and associations: individual: Orion Nebula
                  Cluster, Astrophysics - Solar and Stellar
                  Astrophysics, Astrophysics - Astrophysics of
                  Galaxies},
  month =	 aug,
  number =	 2,
  pages =	 {1825-1836},
  primaryclass = {astro-ph.SR},
  title =	 {{Is stellar multiplicity universal? Tight stellar
                  binaries in the Orion nebula Cluster}},
  volume =	 478,
  year =	 2018,
  bdsk-url-1 =	 {https://doi.org/10.1093/mnras/sty1180},
  bdsk-url-2 =
                  {https://ui.adsabs.harvard.edu/abs/2018MNRAS.478.1825D}
}

@article{Tobin:2009a,
  adsnote =	 {Provided by the SAO/NASA Astrophysics Data System},
  adsurl =	 {http://adsabs.harvard.edu/abs/2009ApJ...697.1103T},
  archiveprefix ={arXiv},
  author =	 {{Tobin}, J.~J. and {Hartmann}, L. and {Furesz},
                  G. and {Mateo}, M. and {Megeath}, S.~T.},
  date-added =	 {2011-05-24 22:40:09 -0500},
  date-modified ={2013-05-16 16:43:03 +0000},
  doi =		 {10.1088/0004-637X/697/2/1103},
  eprint =	 {0903.2775},
  journal =	 {\apj},
  keywords =	 {stars: formation},
  month =	 jun,
  pages =	 {1103-1118},
  primaryclass = {astro-ph.SR},
  title =	 {{Kinematics of the Orion Nebula Cluster: Velocity
                  Substructure and Spectroscopic Binaries}},
  volume =	 697,
  year =	 2009,
  bdsk-url-1 =	 {http://dx.doi.org/10.1088/0004-637X/697/2/1103}
}

@article{Henney:2007b,
  adsnote =	 {Provided by the SAO/NASA Astrophysics Data System},
  adsurl =	 {http://adsabs.harvard.edu/abs/2007AJ....133.2192H},
  author =	 {{Henney}, W.~J. and {O'Dell}, C.~R. and {Zapata},
                  L.~A. and {Garc{\'{\i}}a-D{\'{\i}}az}, M.~T. and
                  {Rodr{\'{\i}}guez}, L.~F. and {Robberto}, M.},
  date-added =	 {2008-06-29 16:28:21 -0500},
  date-modified ={2013-05-16 16:43:04 +0000},
  doi =		 {10.1086/513074},
  eprint =	 {arXiv:astro-ph/0701614},
  journal =	 {\aj},
  keywords =	 {ISM: H II Regions, ISM: Herbig-Haro Objects, ISM:
                  Individual: Name: Orion Nebula, ISM: individual (HH
                  528), ISM: individual (Orion-S), ISM: individual
                  (OMC-1S), ISM: individual (Orion South), ISM:
                  Individual: Messier Number: M42, ISM: Jets and
                  Outflows, Stars: Pre-Main-Sequence},
  month =	 may,
  pages =	 {2192-2205},
  rating =	 5,
  read =	 {Yes},
  title =	 {{Large-Scale Flows from Orion South}},
  volume =	 133,
  year =	 2007,
  bdsk-url-1 =	 {http://dx.doi.org/10.1086/513074}
}

@article{Bally:1998a,
  adsnote =	 {Provided by the SAO/NASA Astrophysics Data System},
  adsurl =	 {http://adsabs.harvard.edu/abs/1998AJ....116..293B},
  author =	 {{Bally}, J. and {Sutherland}, R.~S. and {Devine},
                  D. and {Johnstone}, D.},
  date-added =	 {2008-06-29 16:28:21 -0500},
  date-modified ={2013-05-16 16:43:07 +0000},
  doi =		 {10.1086/300399},
  journal =	 {\aj},
  keywords =	 {ISM: INDIVIDUAL: NAME: ORION NEBULA, STARS:
                  FORMATION, STARS: PRE-MAIN-SEQUENCE},
  month =	 jul,
  pages =	 {293-321},
  title =	 {{Externally Illuminated Young Stellar Environments
                  in the Orion Nebula: Hubble Space Telescope
                  Planetary Camera and Ultraviolet Observations}},
  volume =	 116,
  year =	 1998,
  bdsk-url-1 =	 {http://dx.doi.org/10.1086/300399}
}

@article{Odell:1994a,
  adsnote =	 {Provided by the SAO/NASA Astrophysics Data System},
  adsurl =
                  {https://ui.adsabs.harvard.edu/abs/1994ApJ...436..194O},
  author =	 {{O'dell}, C.~R. and {Wen}, Zheng},
  date-added =	 {2021-01-20 18:41:34 -0600},
  date-modified ={2021-01-20 18:41:35 -0600},
  doi =		 {10.1086/174892},
  journal =	 {\apj},
  keywords =	 {Dimensional Measurement, Disk Galaxies, Herbig-Haro
                  Objects, Orion Nebula, Stellar Envelopes, H Ii
                  Regions, Hubble Space Telescope, Mathematical
                  Models, Photoionization, Statistical Distributions,
                  Astronomy, ISM: H II REGIONS, ISM: INDIVIDUAL NAME:
                  ORION NEBULA, ISM: JETS AND OUTFLOWS, STARS:
                  CIRCUMSTELLAR MATTER, STARS: PRE--MAIN-SEQUENCE},
  month =	 nov,
  pages =	 194,
  title =	 {{Postrefurbishment Mission Hubble Space Telescope
                  Images of the Core of the Orion Nebula: Proplyds,
                  Herbig-Haro Objects, and Measurements of a
                  Circumstellar Disk}},
  volume =	 436,
  year =	 1994,
  bdsk-url-1 =	 {https://doi.org/10.1086/174892},
  bdsk-url-2 =
                  {https://ui.adsabs.harvard.edu/abs/1994ApJ...436..194O}
}

@article{Laques:1979a,
  adsurl =	 {http://adsabs.harvard.edu/abs/1979A%26A....73...97L},
  author =	 {{Laques}, P. and {Vidal}, J.~L.},
  date-added =	 {2012-03-08 16:12:19 +0000},
  date-modified ={2013-05-16 16:43:09 +0000},
  journal =	 {\aap},
  keywords =	 {ASTRONOMICAL PHOTOGRAPHY, ELECTRON DENSITY
                  (CONCENTRATION), INTERSTELLAR MATTER, LALLEMAND
                  CAMERAS, NEBULAE, PHOTOCATHODES, ATMOSPHERIC
                  TURBULENCE, CALIBRATING, CONDENSATION, IONIZED
                  GASES, STELLAR MODELS, SUBMILLIMETER WAVES},
  month =	 mar,
  pages =	 {97-106},
  title =	 {{Detection of a new type of condensations in the
                  center of the Orion Nebula by means of S20
                  photocathode cells associated with a Lallemand
                  electronic camera}},
  volume =	 73,
  year =	 1979,
}

@article{Kounkel:2017a,
  adsnote =	 {Provided by the SAO/NASA Astrophysics Data System},
  adsurl =	 {http://adsabs.harvard.edu/abs/2017ApJ...834..142K},
  archiveprefix ={arXiv},
  arxivurl =	 {http://arxiv.org/abs/1609.04041},
  author =	 {{Kounkel}, M. and {Hartmann}, L. and {Loinard},
                  L. and {Ortiz-León}, G.~N. and {Mioduszewski},
                  A.~J. and {Rodr{\'{\i}}guez}, L.~F. and {Dzib},
                  S.~A. and {Torres}, R.~M. and {Pech}, G. and
                  {Galli}, P.~A.~B. and {Rivera}, J.~L. and {Boden},
                  A.~F. and {Evans}, II, N.~J. and {Briceño}, C. and
                  {Tobin}, J.~J.},
  date-added =	 {2017-02-09 19:04:02 +0000},
  date-modified ={2017-02-09 19:04:02 +0000},
  doi =		 {10.3847/1538-4357/834/2/142},
  eid =		 142,
  eprint =	 {1609.04041},
  journal =	 {\apj},
  keywords =	 {astrometry, ISM: individual objects: Orion Molecular
                  Clouds, parallaxes, radiation mechanisms:
                  nonthermal, stars: kinematics and dynamics},
  month =	 jan,
  pages =	 142,
  primaryclass = {astro-ph.SR},
  title =	 {{The Gould{\rsquo}s Belt Distances Survey (GOBELINS)
                  II. Distances and Structure toward the Orion
                  Molecular Clouds}},
  volume =	 834,
  year =	 2017,
  bdsk-url-1 =	 {http://dx.doi.org/10.3847/1538-4357/834/2/142},
  bdsk-url-2 =	 {http://arxiv.org/abs/1609.04041},
  bdsk-url-3 =	 {http://adsabs.harvard.edu/abs/2017ApJ...834..142K}
}

@article{Sota:2011a,
  adsnote =	 {Provided by the SAO/NASA Astrophysics Data System},
  adsurl =	 {http://adsabs.harvard.edu/abs/2011ApJS..193...24S},
  archiveprefix ={arXiv},
  arxivurl =	 {http://arXiv.org/abs/1101.4002},
  author =	 {{Sota}, A. and {Ma{\'{\i}}z Apellániz}, J. and
                  {Walborn}, N.~R. and {Alfaro}, E.~J. and {Barbá},
                  R.~H. and {Morrell}, N.~I. and {Gamen}, R.~C. and
                  {Arias}, J.~I.},
  date-added =	 {2015-03-03 05:13:19 +0000},
  date-modified ={2015-03-03 05:13:19 +0000},
  doi =		 {10.1088/0067-0049/193/2/24},
  eid =		 24,
  eprint =	 {1101.4002},
  journal =	 {\apjs},
  keywords =	 {binaries: general, stars: early-type, stars:
                  emission-line, Be, stars: Wolf-Rayet, surveys},
  month =	 apr,
  pages =	 24,
  primaryclass = {astro-ph.GA},
  title =	 {{The Galactic O-Star Spectroscopic
                  Survey. I. Classification System and Bright Northern
                  Stars in the Blue-violet at R \~{} 2500}},
  volume =	 193,
  year =	 2011,
  bdsk-url-1 =	 {http://dx.doi.org/10.1088/0067-0049/193/2/24},
  bdsk-url-2 =	 {http://arXiv.org/abs/1101.4002},
  bdsk-url-3 =	 {http://adsabs.harvard.edu/abs/2011ApJS..193...24S}
}

@ARTICLE{Robberto:2013a,
       author = {{Robberto}, M. and {Soderblom}, D.~R. and {Bergeron}, E. and {Kozhurina-Platais}, V. and {Makidon}, R.~B. and {McCullough}, P.~R. and {McMaster}, M. and {Panagia}, N. and {Reid}, I.~N. and {Levay}, Z. and {Frattare}, L. and {Da Rio}, N. and {Andersen}, M. and {O'Dell}, C.~R. and {Stassun}, K.~G. and {Simon}, M. and {Feigelson}, E.~D. and {Stauffer}, J.~R. and {Meyer}, M. and {Reggiani}, M. and {Krist}, J. and {Manara}, C.~F. and {Romaniello}, M. and {Hillenbrand}, L.~A. and {Ricci}, L. and {Palla}, F. and {Najita}, J.~R. and {Ananna}, T.~T. and {Scandariato}, G. and {Smith}, K.},
        title = "{The Hubble Space Telescope Treasury Program on the Orion Nebula Cluster}",
      journal = {\apjs},
     keywords = {brown dwarfs, ISM: individual objects: M42, stars: formation, stars: low-mass, stars: pre-main sequence, Astrophysics - Solar and Stellar Astrophysics},
         year = 2013,
        month = jul,
       volume = {207},
       number = {1},
          eid = {10},
        pages = {10},
          doi = {10.1088/0067-0049/207/1/10},
archivePrefix = {arXiv},
       eprint = {1304.4866},
 primaryClass = {astro-ph.SR},
       adsurl = {https://ui.adsabs.harvard.edu/abs/2013ApJS..207...10R},
      adsnote = {Provided by the SAO/NASA Astrophysics Data System}
}

  
  
                  
@ARTICLE{Luridiana15,
       author = {{Luridiana}, V. and {Morisset}, C. and {Shaw}, R.~A.},
        title = "{PyNeb: a new tool for analyzing emission lines. I. Code description and validation of results}",
      journal = {\aap},
     keywords = {methods: numerical, atomic data, Hii regions, planetary nebulae: general, ISM: abundances, Astrophysics - Instrumentation and Methods for Astrophysics, Astrophysics - Solar and Stellar Astrophysics},
         year = "2015",
        month = "Jan",
       volume = {573},
          eid = {A42},
        pages = {A42},
          doi = {10.1051/0004-6361/201323152},
archivePrefix = {arXiv},
       eprint = {1410.6662},
 primaryClass = {astro-ph.IM},
       adsurl = {https://ui.adsabs.harvard.edu/abs/2015A&A...573A..42L},
      adsnote = {Provided by the SAO/NASA Astrophysics Data System}
}


@ARTICLE{Fischer04,
   author = {{Froese Fischer}, C. and {Tachiev}, G.},
    title = "{Breit-Pauli energy levels, lifetimes, and transition probabilities for the beryllium-like to neon-like sequences}",
  journal = {Atomic Data and Nuclear Data Tables},
     year = 2004,
    month = may,
   volume = 87,
    pages = {1-184},
      doi = {10.1016/j.adt.2004.02.001},
   adsurl = {http://adsabs.harvard.edu/abs/2004ADNDT..87....1F},
  adsnote = {Provided by the SAO/NASA Astrophysics Data System}
}


@ARTICLE{Kisielius09,
       author = {{Kisielius}, R. and {Storey}, P.~J. and {Ferland}, G.~J. and
         {Keenan}, F.~P.},
        title = "{Electron-impact excitation of OII fine-structure levels}",
      journal = {\mnras},
     keywords = {atomic data, atomic processes, line: formation, planetary nebulae: general, Astrophysics - Instrumentation and Methods for Astrophysics},
         year = "2009",
        month = "Aug",
       volume = {397},
       number = {2},
        pages = {903-912},
          doi = {10.1111/j.1365-2966.2009.14989.x},
archivePrefix = {arXiv},
       eprint = {0907.4209},
 primaryClass = {astro-ph.IM},
       adsurl = {https://ui.adsabs.harvard.edu/abs/2009MNRAS.397..903K},
      adsnote = {Provided by the SAO/NASA Astrophysics Data System}
}

@Article{Wiese96,
   author = {{Wiese}, W.~L. and {Fuhr}, J.~R. and {Deters}, T.~M.},
    title = "{Atomic transition probabilities of carbon, nitrogen, and oxygen : a critical data compilation}",
    journal = {Journal of Physical and Chemical Reference Data, Monograph 7},
booktitle = {Atomic transition probabilities of carbon, nitrogen, and oxygen : a critical data compilation.~ Edited by W.L.~Wiese, J.R.~Fuhr, and T.M.~Deters.~Washington, DC :  American Chemical Society ...~for the National Institute of Standards and Technology (NIST) c1996.~QC 453 .W53 1996.~ Also Journal of Physical and Chemical Reference Data, Monograph 7.~ Melville, NY: AIP Press},
     year = 1996,
   volume = 403,
   adsurl = {https://ui.adsabs.harvard.edu/abs/1996atpc.book.....W},
  adsnote = {Provided by the SAO/NASA Astrophysics Data System}
}


@ARTICLE{Storey00,
   author = {{Storey}, P.~J. and {Zeippen}, C.~J.},
    title = "{Theoretical values for the [Oiii] 5007/4959 line-intensity ratio and homologous cases}",
  journal = {MNRAS},
 keywords = {ATOMIC DATA, LINE: FORMATION, TECHNIQUES: SPECTROSCOPIC, HII REGIONS, PLANETARY NEBULAE: GENERAL},
     year = 2000,
    month = mar,
   volume = 312,
    pages = {813-816},
      doi = {10.1046/j.1365-8711.2000.03184.x},
   adsurl = {http://adsabs.harvard.edu/abs/2000MNRAS.312..813S},
  adsnote = {Provided by the SAO/NASA Astrophysics Data System}
}


@ARTICLE{Storey14,
   author = {{Storey}, P.~J. and {Sochi}, T. and {Badnell}, N.~R.},
    title = "{Collision strengths for nebular [O III] optical and infrared lines}",
  journal = {\mnras},
 keywords = {atomic data, atomic processes, radiation mechanisms: non-thermal, planetary nebulae: general, infrared: general},
     year = 2014,
    month = jul,
   volume = 441,
    pages = {3028-3039},
      doi = {10.1093/mnras/stu777},
   adsurl = {http://adsabs.harvard.edu/abs/2014MNRAS.441.3028S},
  adsnote = {Provided by the SAO/NASA Astrophysics Data System}
}


@ARTICLE{Tayal11,
   author = {{Tayal}, S.~S.},
    title = "{Electron Excitation Collision Strengths for Singly Ionized Nitrogen}",
  journal = {ApJS},
 keywords = {atomic data, atomic processes, line: formation, plasmas},
     year = 2011,
    month = aug,
   volume = 195,
      eid = {12},
    pages = {12},
      doi = {10.1088/0067-0049/195/2/12},
   adsurl = {http://adsabs.harvard.edu/abs/2011ApJS..195...12T},
  adsnote = {Provided by the SAO/NASA Astrophysics Data System}
}


@ARTICLE{McLaughlin11,
       author = {{McLaughlin}, B.~M. and {Lee}, Teck-Ghee and {Ludlow}, J.~A. and {Land
        i}, E. and {Loch}, S.~D. and {Pindzola}, M.~S. and {Ballance}, C.~P.},
        title = "{A large-scale R-matrix calculation for electron-impact excitation of the Ne$^{2 +}$, O-like ion}",
      journal = {Journal of Physics B Atomic Molecular Physics},
     keywords = {Astrophysics - Earth and Planetary Astrophysics, Physics - Atomic and Molecular Clusters},
         year = "2011",
        month = "Sep",
       volume = {44},
       number = {17},
          eid = {175206},
        pages = {175206},
          doi = {10.1088/0953-4075/44/17/175206},
archivePrefix = {arXiv},
       eprint = {1102.5127},
 primaryClass = {astro-ph.EP},
       adsurl = {https://ui.adsabs.harvard.edu/abs/2011JPhB...44q5206M},
      adsnote = {Provided by the SAO/NASA Astrophysics Data System}
}


@ARTICLE{Podobedova09,
       author = {{Podobedova}, L.~I. and {Kelleher}, D.~E. and {Wiese}, W.~L.},
        title = "{Critically Evaluated Atomic Transition Probabilities for Sulfur S I-S XV}",
      journal = {Journal of Physical and Chemical Reference Data},
     keywords = {32.30.-r, 32.10.Hq, 32.70.Cs, Atomic spectra, Ionization potentials electron affinities, Oscillator strengths lifetimes transition moments},
         year = 2009,
        month = jun,
       volume = {38},
       number = {2},
        pages = {171-439},
          doi = {10.1063/1.3032939},
       adsurl = {https://ui.adsabs.harvard.edu/abs/2009JPCRD..38..171P},
      adsnote = {Provided by the SAO/NASA Astrophysics Data System}
}


@ARTICLE{Mendoza83,
       author = {{Mendoza}, C. and {Zeippen}, C.~J.},
        title = "{Transition probabilities for forbidden lines in the 3p4 configuration. III}",
      journal = {\mnras},
     keywords = {Astrophysics, Configuration Interaction, Forbidden Transitions, Isoelectronic Sequence, Line Spectra, Sulfur, Transition Probabilities, Ground State, Semiempirical Equations, Astrophysics},
         year = "1983",
        month = "Mar",
       volume = {202},
        pages = {981-986},
          doi = {10.1093/mnras/202.4.981},
       adsurl = {https://ui.adsabs.harvard.edu/abs/1983MNRAS.202..981M},
      adsnote = {Provided by the SAO/NASA Astrophysics Data System}
}



@ARTICLE{Tayal10,
   author = {{Tayal}, S.~S. and {Zatsarinny}, O.},
    title = "{Breit-Pauli Transition Probabilities and Electron Excitation Collision Strengths for Singly Ionized Sulfur}",
  journal = {ApJS},
 keywords = {atomic data, atomic processes},
     year = 2010,
    month = may,
   volume = 188,
    pages = {32-45},
      doi = {10.1088/0067-0049/188/1/32},
   adsurl = {http://adsabs.harvard.edu/abs/2010ApJS..188...32T},
  adsnote = {Provided by the SAO/NASA Astrophysics Data System}
}


@ARTICLE{Grieve14,
       author = {{Grieve}, M.~F.~R. and {Ramsbottom}, C.~A. and {Hudson}, C.~E. and
         {Keenan}, F.~P.},
        title = "{Electron-impact Excitation Collision Strengths and Theoretical Line Intensities for Transitions in S III}",
      journal = {\apj},
     keywords = {atomic data, atomic processes, planets and satellites: individual: Io Jupiter, plasmas, scattering, ultraviolet: planetary systems, Astrophysics - Solar and Stellar Astrophysics},
         year = "2014",
        month = "Jan",
       volume = {780},
       number = {1},
          eid = {110},
        pages = {110},
          doi = {10.1088/0004-637X/780/1/110},
archivePrefix = {arXiv},
       eprint = {1308.0241},
 primaryClass = {astro-ph.SR},
       adsurl = {https://ui.adsabs.harvard.edu/abs/2014ApJ...780..110G},
      adsnote = {Provided by the SAO/NASA Astrophysics Data System}
}

@ARTICLE{Tayal04,
       author = {{Tayal}, S.~S.},
        title = "{Electron impact excitation of fine-structure levels in Cl II}",
      journal = {\aap},
     keywords = {atomic data, atomic processes, line: formation},
         year = "2004",
        month = "Apr",
       volume = {418},
        pages = {363-369},
          doi = {10.1051/0004-6361:20034384},
       adsurl = {https://ui.adsabs.harvard.edu/abs/2004A&A...418..363T},
      adsnote = {Provided by the SAO/NASA Astrophysics Data System}
}

@ARTICLE{Fritzsche99,
       author = {{Fritzsche}, S. and {Fricke}, B. and {Geschke}, D. and {Heitmann}, A. and
         {Sienkiewicz}, J.~E.},
        title = "{Forbidden Transitions in the Ground-State Configuration of Low-Z Phosphorus-like Ions}",
      journal = {\apj},
     keywords = {ATOMIC DATA, ATOMIC PROCESSES, Atomic Data, Atomic Processes},
         year = "1999",
        month = "Jun",
       volume = {518},
       number = {2},
        pages = {994-1001},
          doi = {10.1086/307328},
       adsurl = {https://ui.adsabs.harvard.edu/abs/1999ApJ...518..994F},
      adsnote = {Provided by the SAO/NASA Astrophysics Data System}
}

@ARTICLE{Butler89,
       author = {{Butler}, K. and {Zeippen}, C.~J.},
        title = "{Effective collision strengths for fine-structure forbidden transitions in the 3p3 configuration of Cl(III)}",
      journal = {\aap},
     keywords = {Electron Scattering, Forbidden Transitions, Isoelectronic Sequence, Planetary Nebulae, Chlorine, Electron Energy, Temperature Dependence, Astrophysics},
         year = "1989",
        month = "Jan",
       volume = {208},
       number = {1-2},
        pages = {337-344},
       adsurl = {https://ui.adsabs.harvard.edu/abs/1989A&A...208..337B},
      adsnote = {Provided by the SAO/NASA Astrophysics Data System}
}


@ARTICLE{Kaufman86,
       author = {{Kaufman}, Victor and {Sugar}, Jack},
        title = "{Forbidden Lines in ns$^{2}$np$^{k}$ Ground Configurations and nsnp Excited Configurations of Beryllium through Molybdenum Atoms and Ions}",
      journal = {Journal of Physical and Chemical Reference Data},
         year = "1986",
        month = "Jan",
       volume = {15},
       number = {1},
        pages = {321-426},
          doi = {10.1063/1.555775},
       adsurl = {https://ui.adsabs.harvard.edu/abs/1986JPCRD..15..321K},
      adsnote = {Provided by the SAO/NASA Astrophysics Data System}
}


@ARTICLE{Mendoza82a,
       author = {{Mendoza}, C. and {Zeippen}, C.~J.},
        title = "{Transition probabilities for forbidden lines in the 3p$^{2}$ configuration -II.}",
      journal = {\mnras},
     keywords = {Atomic Structure, Forbidden Transitions, Ions, Isoelectronic Sequence, Transition Probabilities, Configuration Interaction, Magnetic Dipoles, Relativity, Wave Functions, Atomic and Molecular Physics, Atomic Processes:Transition Probabilities, Forbidden Lines:Transition Probabilities},
         year = "1982",
        month = "Jun",
       volume = {199},
        pages = {1025-1032},
          doi = {10.1093/mnras/199.4.1025},
       adsurl = {https://ui.adsabs.harvard.edu/abs/1982MNRAS.199.1025M},
      adsnote = {Provided by the SAO/NASA Astrophysics Data System}
}


@ARTICLE{Ellis84,
       author = {{Ellis}, D.~G. and {Martinson}, I.},
        title = "{The 3s3p$^{3}$ $^{5}$S$^{o}$ Level in the Silicon Isoelectronic Sequence}",
      journal = {\physscr},
     keywords = {Hartree Approximation, Isoelectronic Sequence, Line Spectra, Silicon, Transition Probabilities, Ultraviolet Spectra, Dirac Equation, Solar Corona, Solar Flares, Wavelengths, Atomic and Molecular Physics},
         year = "1984",
        month = "Oct",
       volume = {30},
       number = {4},
        pages = {255-259},
          doi = {10.1088/0031-8949/30/4/007},
       adsurl = {https://ui.adsabs.harvard.edu/abs/1984PhyS...30..255E},
      adsnote = {Provided by the SAO/NASA Astrophysics Data System}
}

@ARTICLE{Galavis95,
       author = {{Galavis}, M.~E. and {Mendoza}, C. and {Zeippen}, C.~J.},
        title = "{Atomic data from the IRON Project. X. Effective collision strengths for infrared transitions in silicon- and sulphur-like ions.}",
      journal = {\aaps},
     keywords = {ATOMIC AND MOLECULAR DATA, INFRARED: GENERAL},
         year = "1995",
        month = "Jun",
       volume = {111},
        pages = {347},
       adsurl = {https://ui.adsabs.harvard.edu/abs/1995A&AS..111..347G},
      adsnote = {Provided by the SAO/NASA Astrophysics Data System}
}


@INPROCEEDINGS{Mendoza83_2,
       author = {{Mendoza}, C.},
        title = "{Recent advances in atomic calculations and experiments of interest in the study of planetary nebulae}",
     keywords = {Atomic Excitations, Ionization Cross Sections, Photoionization, Planetary Nebulae, Transition Probabilities, Electron Scattering, Forbidden Transitions, Ground State, Relativistic Effects, Astrophysics},
    booktitle = {Planetary Nebulae},
         year = "1983",
       editor = {{Aller}, L.~H.},
       series = {IAU Symposium},
       volume = {103},
        month = "Jan",
        pages = {143-172},
       adsurl = {https://ui.adsabs.harvard.edu/abs/1983IAUS..103..143M},
      adsnote = {Provided by the SAO/NASA Astrophysics Data System}
}


@ARTICLE{Mendoza82b,
   author = {{Mendoza}, C. and {Zeippen}, C.~J.},
    title = "{Transition probabilities for forbidden lines in the 3p3 configuration}",
  journal = {MNRAS},
 keywords = {Astronomical Spectroscopy, Atomic Structure, Forbidden Bands, Isoelectronic Sequence, Transition Probabilities, Computer Programs, Magnetic Dipoles, Nebulae, Wave Functions},
     year = 1982,
    month = jan,
   volume = 198,
    pages = {127-139},
      doi = {10.1093/mnras/198.1.127},
   adsurl = {http://adsabs.harvard.edu/abs/1982MNRAS.198..127M},
  adsnote = {Provided by the SAO/NASA Astrophysics Data System}
}


@ARTICLE{Ramsbottom97,
       author = {{Ramsbottom}, C.~A. and {Bell}, K.~L.},
        title = "{Effective Collision Strengths for Electron-Impact Excitation of Triphy Ionized Argon}",
      journal = {Atomic Data and Nuclear Data Tables},
         year = "1997",
        month = "Jan",
       volume = {66},
        pages = {65},
          doi = {10.1006/adnd.1997.0741},
       adsurl = {https://ui.adsabs.harvard.edu/abs/1997ADNDT..66...65R},
      adsnote = {Provided by the SAO/NASA Astrophysics Data System}
}

@ARTICLE{Quinet96,
       author = {{Quinet}, P.},
        title = "{Transition probabilities for forbidden lines of Fe III.}",
      journal = {\aaps},
     keywords = {ATOMIC DATA, FE III, RADIATIVE TRANSITION PROBABILITIES},
         year = "1996",
        month = "May",
       volume = {116},
        pages = {573-578},
       adsurl = {https://ui.adsabs.harvard.edu/abs/1996A&AS..116..573Q},
      adsnote = {Provided by the SAO/NASA Astrophysics Data System}
}


@ARTICLE{Johansson00,
       author = {{Johansson}, S. and {Zethson}, T. and {Hartman}, H. and {Ekberg}, J.~O. and
         {Ishibashi}, K. and {Davidson}, K. and {Gull}, T.},
        title = "{New forbidden and fluorescent Fe III lines identified in HST spectra of eta Carinae}",
      journal = {\aap},
     keywords = {ATOMIC PROCESSES, LINE: IDENTIFICATION, STARS: INDIVIDUAL: ETA CAR, STARS: VARIABLES: GENERAL, ULTRAVIOLET: STARS},
         year = "2000",
        month = "Sep",
       volume = {361},
        pages = {977-981},
       adsurl = {https://ui.adsabs.harvard.edu/abs/2000A&A...361..977J},
      adsnote = {Provided by the SAO/NASA Astrophysics Data System}
}

@article{Zhang96,
	author = {{Zhang, Hong Lin}},
	title = {Atomic data from the Iron Project. 
XVIII. Electron impact excitation collision strengths
and rate coefficients for Fe III},
	DOI= "10.1051/aas:1996264",
	url= "https://doi.org/10.1051/aas:1996264",
	journal = {Astron. Astrophys. Suppl. Ser.},
	year = 1996,
	volume = 119,
	number = 3,
	pages = "523-528",
}



@ARTICLE{Fischer08,
       author = {{Froese Fischer}, C. and {Rubin}, R.~H. and {Rodr{\'\i}guez}, M.},
        title = "{Multiconfiguration Dirac-Hartree-Fock energy levels and transition probabilities for 3d$^{5}$ in FeIV}",
      journal = {\mnras},
     keywords = {atomic data, atomic processes, Physics - Atomic Physics, Astrophysics},
         year = "2008",
        month = "Dec",
       volume = {391},
       number = {4},
        pages = {1828-1837},
          doi = {10.1111/j.1365-2966.2008.13997.x},
archivePrefix = {arXiv},
       eprint = {0809.4720},
 primaryClass = {physics.atom-ph},
       adsurl = {https://ui.adsabs.harvard.edu/abs/2008MNRAS.391.1828F},
      adsnote = {Provided by the SAO/NASA Astrophysics Data System}
}


@ARTICLE{Zhang97,
       author = {{Zhang}, H.~L. and {Pradhan}, A.~K.},
        title = "{Atomic data from the Iron Project. XXVII. Electron impact excitation collision strengths and rate coefficients for Fe IV}",
      journal = {\aaps},
     keywords = {ATOMIC PROCESSES, PLANETARY NEBULAE: GENERAL, H II REGIONS},
         year = "1997",
        month = "Dec",
       volume = {126},
        pages = {373-378},
       adsurl = {https://ui.adsabs.harvard.edu/abs/1997A&AS..126..373Z},
      adsnote = {Provided by the SAO/NASA Astrophysics Data System}
}

@ARTICLE{Ferland12,
       author = {{Ferland}, G.~J. and {Henney}, W.~J. and {O'Dell}, C.~R. and
         {Porter}, R.~L. and {van Hoof}, P.~A.~M. and {Williams}, R.~J.~R.},
        title = "{Pumping up the [N I] Nebular Lines}",
      journal = {\apj},
     keywords = {atomic processes, dust, extinction, H II regions, line: formation, photon-dominated region: PDR, radiative transfer, Astrophysics - Astrophysics of Galaxies},
         year = "2012",
        month = "Sep",
       volume = {757},
       number = {1},
          eid = {79},
        pages = {79},
          doi = {10.1088/0004-637X/757/1/79},
archivePrefix = {arXiv},
       eprint = {1209.0028},
 primaryClass = {astro-ph.GA},
       adsurl = {https://ui.adsabs.harvard.edu/abs/2012ApJ...757...79F},
      adsnote = {Provided by the SAO/NASA Astrophysics Data System}
}

@INBOOK{Dodorico00,
       author = {{D'Odorico}, Sandro and {Cristiani}, Stefano and {Dekker}, Hans and
         {Hill}, Vanessa and {Kaufer}, Andreas and {Kim}, Taesun and
         {Primas}, Francesca},
        title = "{Performance of UVES, the echelle spectrograph for the ESO VLT and highlights of the first observations of stars and quasars}",
    booktitle = {\procspie},
         year = "2000",
       editor = {{Bergeron}, Jacqueline},
       volume = {4005},
       series = {Society of Photo-Optical Instrumentation Engineers (SPIE) Conference Series},
        pages = {121-130},
          doi = {10.1117/12.390133},
       adsurl = {https://ui.adsabs.harvard.edu/abs/2000SPIE.4005..121D},
      adsnote = {Provided by the SAO/NASA Astrophysics Data System}
}

@ARTICLE{Bautista01,
       author = {{Bautista}, M.~A.},
        title = "{Atomic data from the Iron Project . XLVII. Electron impact excitation of Ni III}",
      journal = {\aap},
     keywords = {ATOMIC DATA, LINE: FORMATION, ISM: ABUNDANCES, ULTRAVIOLET: GENERAL},
         year = "2001",
        month = "Jan",
       volume = {365},
        pages = {268-274},
          doi = {10.1051/0004-6361:20000032},
       adsurl = {https://ui.adsabs.harvard.edu/abs/2001A&A...365..268B},
      adsnote = {Provided by the SAO/NASA Astrophysics Data System}
}

@ARTICLE{Ballester00,
       author = {{Ballester}, P. and {Modigliani}, A. and {Boitquin}, O. and
         {Cristiani}, S. and {Hanuschik}, R. and {Kaufer}, A. and {Wolf}, S.},
        title = "{The UVES Data Reduction Pipeline}",
      journal = {The Messenger},
         year = "2000",
        month = "Sep",
       volume = {101},
        pages = {31-36},
       adsurl = {https://ui.adsabs.harvard.edu/abs/2000Msngr.101...31B},
      adsnote = {Provided by the SAO/NASA Astrophysics Data System}
}

@INBOOK{Tody93,
       author = {{Tody}, Doug},
        title = "{IRAF in the Nineties}",
    booktitle = {Astronomical Data Analysis Software and Systems II},
         year = "1993",
       editor = {{Hanisch}, R.~J. and {Brissenden}, R.~J.~V. and {Barnes}, J.},
       volume = {52},
       series = {Astronomical Society of the Pacific Conference Series},
        pages = {173},
       adsurl = {https://ui.adsabs.harvard.edu/abs/1993ASPC...52..173T},
      adsnote = {Provided by the SAO/NASA Astrophysics Data System}
}


@ARTICLE{Moehler14b,
       author = {{Moehler}, S. and {Modigliani}, A. and {Freudling}, W. and
         {Giammichele}, N. and {Gianninas}, A. and {Gonneau}, A. and
         {Kausch}, W. and {Lan{\c{c}}on}, A. and {Noll}, S. and {Rauch}, T. and
         {Vinther}, J.},
        title = "{Flux calibration of medium-resolution spectra from 300 nm to 2500 nm: Model reference spectra and telluric correction}",
      journal = {\aap},
     keywords = {standards, techniques: spectroscopic, Astrophysics - Instrumentation and Methods for Astrophysics, Astrophysics - Solar and Stellar Astrophysics},
         year = "2014",
        month = "Aug",
       volume = {568},
          eid = {A9},
        pages = {A9},
          doi = {10.1051/0004-6361/201423790},
archivePrefix = {arXiv},
       eprint = {1408.1797},
 primaryClass = {astro-ph.IM},
       adsurl = {https://ui.adsabs.harvard.edu/abs/2014A&A...568A...9M},
      adsnote = {Provided by the SAO/NASA Astrophysics Data System}
}
@ARTICLE{Moehler14a,
       author = {{Moehler}, S. and {Dreizler}, S. and {LeBlanc}, F. and {Khalack}, V. and
         {Michaud}, G. and {Richer}, J. and {Sweigart}, A.~V. and {Grundahl}, F.},
        title = "{Hot horizontal branch stars in NGC 288 - effects of diffusion and stratification on their atmospheric parameters}",
      journal = {\aap},
     keywords = {stars: horizontal-branch, stars: atmospheres, techniques: spectroscopic, globular clusters: individual: NGC 288, Astrophysics - Solar and Stellar Astrophysics},
         year = "2014",
        month = "May",
       volume = {565},
          eid = {A100},
        pages = {A100},
          doi = {10.1051/0004-6361/201322953},
archivePrefix = {arXiv},
       eprint = {1403.7397},
 primaryClass = {astro-ph.SR},
       adsurl = {https://ui.adsabs.harvard.edu/abs/2014A&A...565A.100M},
      adsnote = {Provided by the SAO/NASA Astrophysics Data System}
}

@ARTICLE{Blagrave07,
       author = {{Blagrave}, K.~P.~M. and {Martin}, P.~G. and {Rubin}, R.~H. and
         {Dufour}, R.~J. and {Baldwin}, J.~A. and {Hester}, J.~J. and
         {Walter}, D.~K.},
        title = "{Deviations from He I Case B Recombination Theory and Extinction Corrections in the Orion Nebula}",
      journal = {\apj},
     keywords = {ISM: Dust, Extinction, ISM: H II Regions, ISM: Abundances, ISM: Individual: Name: Orion Nebula, Astrophysics},
         year = "2007",
        month = "Jan",
       volume = {655},
       number = {1},
        pages = {299-315},
          doi = {10.1086/510151},
archivePrefix = {arXiv},
       eprint = {astro-ph/0610621},
 primaryClass = {astro-ph},
       adsurl = {https://ui.adsabs.harvard.edu/abs/2007ApJ...655..299B},
      adsnote = {Provided by the SAO/NASA Astrophysics Data System}
}



@ARTICLE{Zhang05,
       author = {{Zhang}, Y. and {Liu}, X. -W. and {Liu}, Y. and {Rubin}, R.~H.},
        title = "{Helium recombination spectra as temperature diagnostics for planetary nebulae}",
      journal = {\mnras},
     keywords = {ISM: general, planetary nebulae: general, Astrophysics},
         year = "2005",
        month = "Apr",
       volume = {358},
       number = {2},
        pages = {457-467},
          doi = {10.1111/j.1365-2966.2005.08810.x},
archivePrefix = {arXiv},
       eprint = {astro-ph/0501164},
 primaryClass = {astro-ph},
       adsurl = {https://ui.adsabs.harvard.edu/abs/2005MNRAS.358..457Z},
      adsnote = {Provided by the SAO/NASA Astrophysics Data System}
}


@ARTICLE{Porter12,
       author = {{Porter}, R.~L. and {Ferland}, G.~J. and {Storey}, P.~J. and
         {Detisch}, M.~J.},
        title = "{Improved He I emissivities in the case B approximation}",
      journal = {\mnras},
     keywords = {atomic data, Astrophysics - Cosmology and Nongalactic Astrophysics, Astrophysics - Astrophysics of Galaxies},
         year = 2012,
        month = sep,
       volume = {425},
       number = {1},
        pages = {L28-L31},
          doi = {10.1111/j.1745-3933.2012.01300.x},
archivePrefix = {arXiv},
       eprint = {1206.4115},
 primaryClass = {astro-ph.CO},
       adsurl = {https://ui.adsabs.harvard.edu/abs/2012MNRAS.425L..28P},
      adsnote = {Provided by the SAO/NASA Astrophysics Data System}
}


@ARTICLE{Porter13,
       author = {{Porter}, R.~L. and {Ferland}, G.~J. and {Storey}, P.~J. and
         {Detisch}, M.~J.},
        title = "{Erratum: `Improved He I emissivities in the Case B approximation'}",
      journal = {\mnras},
     keywords = {errata, addenda, atomic data, Astrophysics - Cosmology and Nongalactic Astrophysics},
         year = "2013",
        month = "Jul",
       volume = {433},
       number = {1},
        pages = {L89-L90},
          doi = {10.1093/mnrasl/slt049},
archivePrefix = {arXiv},
       eprint = {1303.5115},
 primaryClass = {astro-ph.CO},
       adsurl = {https://ui.adsabs.harvard.edu/abs/2013MNRAS.433L..89P},
      adsnote = {Provided by the SAO/NASA Astrophysics Data System}
}

@ARTICLE{Storey95,
       author = {{Storey}, P.~J. and {Hummer}, D.~G.},
        title = "{Recombination line intensities for hydrogenic ions-IV. Total recombination coefficients and machine-readable tables for Z=1 to 8}",
      journal = {\mnras},
     keywords = {ATOMIC DATA-ATOMIC PROCESSES-LINE, FORMATION-ASTRONOMICAL DATA BASES, MISCELLANEOUS.},
         year = "1995",
        month = "Jan",
       volume = {272},
       number = {1},
        pages = {41-48},
          doi = {10.1093/mnras/272.1.41},
       adsurl = {https://ui.adsabs.harvard.edu/abs/1995MNRAS.272...41S},
      adsnote = {Provided by the SAO/NASA Astrophysics Data System}
}


@ARTICLE{Storey17,
       author = {{Storey}, P.~J. and {Sochi}, Taha and {Bastin}, Robert},
        title = "{Recombination coefficients for O II lines in nebular conditions}",
      journal = {\mnras},
     keywords = {astrochemistry, atomic data, atomic processes, plasmas, radiation mechanisms: general, radiation mechanisms: non-thermal, methods: numerical, H \&lt;sc\&gt;II\&lt;/sc\&gt; regions, planetary nebulae: general, atomic data - atomic processes, H \&lt;sc\&gt;II\&lt;/sc\&gt; regions - planetary nebulae: general, Physics - Atomic Physics, Astrophysics - Solar and Stellar Astrophysics, Physics - Computational Physics, Physics - Plasma Physics},
         year = "2017",
        month = "Sep",
       volume = {470},
       number = {1},
        pages = {379-389},
          doi = {10.1093/mnras/stx1189},
archivePrefix = {arXiv},
       eprint = {1703.09982},
 primaryClass = {physics.atom-ph},
       adsurl = {https://ui.adsabs.harvard.edu/abs/2017MNRAS.470..379S},
      adsnote = {Provided by the SAO/NASA Astrophysics Data System}
}

@ARTICLE{Davey00,
       author = {{Davey}, A.~R. and {Storey}, P.~J. and {Kisielius}, R.},
        title = "{Recombination coefficients for C II lines}",
      journal = {\aaps},
     keywords = {ATOMIC DATA, LINE: FORMATION, \textbackslashION\{H\}\{II\} REGIONS, PLANETARY NEBULAE: GENERAL},
         year = "2000",
        month = "Feb",
       volume = {142},
        pages = {85-94},
          doi = {10.1051/aas:2000139},
       adsurl = {https://ui.adsabs.harvard.edu/abs/2000A&AS..142...85D},
      adsnote = {Provided by the SAO/NASA Astrophysics Data System}
}



@ARTICLE{Pequignot91,
       author = {{Pequignot}, D. and {Petitjean}, P. and {Boisson}, C.},
        title = "{Total and effective radiative recombination coefficients.}",
      journal = {\aap},
     keywords = {Hydrogen, Interstellar Gas, Ionized Gases, Radiative Recombination, Recombination Coefficient, Ultraviolet Spectra, Carbon, Cold Plasmas, Forbidden Bands, Nitrogen, Oxygen, Planetary Nebulae, Astrophysics},
         year = 1991,
        month = nov,
       volume = {251},
        pages = {680-688},
       adsurl = {https://ui.adsabs.harvard.edu/abs/1991A&A...251..680P},
      adsnote = {Provided by the SAO/NASA Astrophysics Data System}
}

@ARTICLE{Kisielius98,
       author = {{Kisielius}, R. and {Storey}, P.~J. and {Davey}, A.~R. and
         {Neale}, L.~T.},
        title = "{Recombination coefficients for Ne Ii lines at nebular temperatures and densities}",
      journal = {\aaps},
     keywords = {ATOMIC DATA, H II REGIONS, PLANETARY NEBULAE: GENERAL},
         year = 1998,
        month = dec,
       volume = {133},
        pages = {257-269},
          doi = {10.1051/aas:1998319},
       adsurl = {https://ui.adsabs.harvard.edu/abs/1998A&AS..133..257K},
      adsnote = {Provided by the SAO/NASA Astrophysics Data System}
}





@ARTICLE{Fang11,
       author = {{Fang}, X. and {Storey}, P.~J. and {Liu}, X. -W.},
        title = "{New effective recombination coefficients for nebular N ii lines}",
      journal = {\aap},
     keywords = {atomic data, line: formation, Hii regions, ISM: atoms, planetary nebulae: general, Astrophysics - Solar and Stellar Astrophysics},
         year = 2011,
        month = jun,
       volume = {530},
          eid = {A18},
        pages = {A18},
          doi = {10.1051/0004-6361/201116511},
archivePrefix = {arXiv},
       eprint = {1103.5558},
 primaryClass = {astro-ph.SR},
       adsurl = {https://ui.adsabs.harvard.edu/abs/2011A&A...530A..18F},
      adsnote = {Provided by the SAO/NASA Astrophysics Data System}
}


@ARTICLE{Fang13,
       author = {{Fang}, X. and {Storey}, P.~J. and {Liu}, X. -W.},
        title = "{New effective recombination coefficients for nebular N II lines (Corrigendum)}",
      journal = {\aap},
     keywords = {atomic data, line: formation, HII regions, ISM: atoms, planetary nebulae: general, errata, addenda},
         year = 2013,
        month = feb,
       volume = {550},
          eid = {C2},
        pages = {C2},
          doi = {10.1051/0004-6361/201116511e},
       adsurl = {https://ui.adsabs.harvard.edu/abs/2013A&A...550C...2F},
      adsnote = {Provided by the SAO/NASA Astrophysics Data System}
}


@ARTICLE{mesadelgado09,
       author = {{Mesa-Delgado}, A. and {Esteban}, C. and {Garc{\'\i}a-Rojas}, J. and
         {Luridiana}, V. and {Bautista}, M. and {Rodr{\'\i}guez}, M. and
         {L{\'o}pez-Mart{\'\i}n}, L. and {Peimbert}, M.},
        title = "{Properties of the ionized gas in HH 202 - II. Results from echelle spectrophotometry with Ultraviolet Visual Echelle Spectrograph}",
      journal = {\mnras},
     keywords = {ISM: abundances, dust, extinction, ISM: Herbig-Haro objects, ISM: individual: Orion Nebula, ISM: individual: HH 202, Astrophysics - Galaxy Astrophysics},
         year = 2009,
        month = may,
       volume = {395},
       number = {2},
        pages = {855-876},
          doi = {10.1111/j.1365-2966.2009.14554.x},
archivePrefix = {arXiv},
       eprint = {0901.4311},
 primaryClass = {astro-ph.GA},
       adsurl = {https://ui.adsabs.harvard.edu/abs/2009MNRAS.395..855M},
      adsnote = {Provided by the SAO/NASA Astrophysics Data System}
}

@ARTICLE{dominguezguzman19,
       author = {{Dom{\'\i}nguez-Guzm{\'a}n}, G. and {Rodr{\'\i}guez}, M. and
         {Esteban}, C. and {Garc{\'\i}a-Rojas}, J.},
        title = "{Chemical abundances and temperature structure of H II regions}",
      journal = {arXiv e-prints},
     keywords = {Astrophysics - Astrophysics of Galaxies},
         year = 2019,
        month = jun,
          eid = {arXiv:1906.02102},
        pages = {arXiv:1906.02102},
archivePrefix = {arXiv},
       eprint = {1906.02102},
 primaryClass = {astro-ph.GA},
       adsurl = {https://ui.adsabs.harvard.edu/abs/2019arXiv190602102D},
      adsnote = {Provided by the SAO/NASA Astrophysics Data System}
}

@Article{vanhoof18,
AUTHOR = {Van Hoof, Peter A. M.},
TITLE = {Recent Development of the Atomic Line List},
JOURNAL = {Galaxies},
VOLUME = {6},
YEAR = {2018},
NUMBER = {2},
ARTICLE-NUMBER = {63},
URL = {https://www.mdpi.com/2075-4434/6/2/63},
ISSN = {2075-4434},
ABSTRACT = {The Atomic Line List is an online database of wavelengths and transition probabilities of atomic lines. It is primarily set up as a tool to help identify unknown spectral features. This paper briefly describes the web interface, how the line list is constructed, and what development is currently being undertaken for the next release.},
DOI = {10.3390/galaxies6020063}
}

@ARTICLE{Esteban99,
       author = {{Esteban}, C{\'e}sar and {Peimbert}, Manuel},
        title = "{Radial velocities of optical lines in three bright Galactic HII regions}",
      journal = {\aap},
     keywords = {ISM: H II REGIONS, ISM: INDIVIDUAL OBJECTS: M 17, ISM: INDIVIDUAL OBJECTS: M 42, ISM: INDIVIDUAL OBJECTS: M 8, ISM: KINEMATICS AND DYNAMICS},
         year = 1999,
        month = sep,
       volume = {349},
        pages = {276-282},
       adsurl = {https://ui.adsabs.harvard.edu/abs/1999A&A...349..276E},
      adsnote = {Provided by the SAO/NASA Astrophysics Data System}
}

@ARTICLE{Kaler67,
       author = {{Kaler}, James B.},
        title = "{Radial Velocities in the Orion Nebula}",
      journal = {\apj},
         year = 1967,
        month = jun,
       volume = {148},
        pages = {925},
          doi = {10.1086/149219},
       adsurl = {https://ui.adsabs.harvard.edu/abs/1967ApJ...148..925K},
      adsnote = {Provided by the SAO/NASA Astrophysics Data System}
}

@ARTICLE{Blagrave06,
       author = {{Blagrave}, K.~P.~M. and {Martin}, P.~G. and {Baldwin}, J.~A.},
        title = "{A Photoionized Herbig-Haro Object in the Orion Nebula}",
      journal = {\apj},
     keywords = {ISM: Dust, Extinction, ISM: H II Regions, ISM: Herbig-Haro Objects, Astrophysics},
         year = 2006,
        month = jun,
       volume = {644},
       number = {2},
        pages = {1006-1027},
          doi = {10.1086/503830},
archivePrefix = {arXiv},
       eprint = {astro-ph/0603167},
 primaryClass = {astro-ph},
       adsurl = {https://ui.adsabs.harvard.edu/abs/2006ApJ...644.1006B},
      adsnote = {Provided by the SAO/NASA Astrophysics Data System}
}



@ARTICLE{fangyliu13,
       author = {{Fang}, X. and {Liu}, X. -W.},
        title = "{Very deep spectroscopy of the bright Saturn nebula NGC 7009 - II. Analysis of the rich optical recombination spectrum}",
      journal = {\mnras},
     keywords = {atomic data, atomic processes, ISM: abundances, planetary nebulae: individual: NGC 7009, Astrophysics - Solar and Stellar Astrophysics},
         year = 2013,
        month = mar,
       volume = {429},
       number = {4},
        pages = {2791-2851},
          doi = {10.1093/mnras/sts414},
archivePrefix = {arXiv},
       eprint = {1212.0005},
 primaryClass = {astro-ph.SR},
       adsurl = {https://ui.adsabs.harvard.edu/abs/2013MNRAS.429.2791F},
      adsnote = {Provided by the SAO/NASA Astrophysics Data System}
}

@ARTICLE{McNabb13,
       author = {{McNabb}, I.~A. and {Fang}, X. and {Liu}, X. -W. and {Bastin}, R.~J. and
         {Storey}, P.~J.},
        title = "{Plasma diagnostics for planetary nebulae and H ii regions using the N ii and O ii optical recombination lines}",
      journal = {\mnras},
     keywords = {atomic data, H ii regions, planetary nebulae: general, Astrophysics - Astrophysics of Galaxies},
         year = 2013,
        month = feb,
       volume = {428},
       number = {4},
        pages = {3443-3461},
          doi = {10.1093/mnras/sts283},
archivePrefix = {arXiv},
       eprint = {1211.6856},
 primaryClass = {astro-ph.GA},
       adsurl = {https://ui.adsabs.harvard.edu/abs/2013MNRAS.428.3443M},
      adsnote = {Provided by the SAO/NASA Astrophysics Data System}
}


@ARTICLE{liu00,
       author = {{Liu}, X. -W. and {Storey}, P.~J. and {Barlow}, M.~J. and
         {Danziger}, I.~J. and {Cohen}, M. and {Bryce}, M.},
        title = "{NGC 6153: a super-metal-rich planetary nebula?}",
      journal = {\mnras},
     keywords = {ISM: ABUNDANCES, PLANETARY NEBULAE: INDIVIDUAL: NGC 6153},
         year = 2000,
        month = mar,
       volume = {312},
       number = {3},
        pages = {585-628},
          doi = {10.1046/j.1365-8711.2000.03167.x},
       adsurl = {https://ui.adsabs.harvard.edu/abs/2000MNRAS.312..585L},
      adsnote = {Provided by the SAO/NASA Astrophysics Data System}
}


@ARTICLE{peimbert13,
       author = {{Peimbert}, Antonio and {Peimbert}, Manuel},
        title = "{Densities, Temperatures, Pressures, and Abundances Derived from O II Recombination Lines in H II Regions and their Implications}",
      journal = {\apj},
     keywords = {galaxies: abundances, galaxies: ISM, H II regions, ISM: abundances, Astrophysics - Astrophysics of Galaxies},
         year = 2013,
        month = dec,
       volume = {778},
       number = {2},
          eid = {89},
        pages = {89},
          doi = {10.1088/0004-637X/778/2/89},
archivePrefix = {arXiv},
       eprint = {1310.0089},
 primaryClass = {astro-ph.GA},
       adsurl = {https://ui.adsabs.harvard.edu/abs/2013ApJ...778...89P},
      adsnote = {Provided by the SAO/NASA Astrophysics Data System}
}

@ARTICLE{Esteban04,
       author = {{Esteban}, C. and {Peimbert}, M. and {Garc{\'\i}a-Rojas}, J. and
         {Ruiz}, M.~T. and {Peimbert}, A. and {Rodr{\'\i}guez}, M.},
        title = "{A reappraisal of the chemical composition of the Orion nebula based on Very Large Telescope echelle spectrophotometry}",
      journal = {\mnras},
     keywords = {ISM: abundances, HII regions, ISM: individual: Orion nebula, Astrophysics},
         year = 2004,
        month = nov,
       volume = {355},
       number = {1},
        pages = {229-247},
          doi = {10.1111/j.1365-2966.2004.08313.x},
archivePrefix = {arXiv},
       eprint = {astro-ph/0408249},
 primaryClass = {astro-ph},
       adsurl = {https://ui.adsabs.harvard.edu/abs/2004MNRAS.355..229E},
      adsnote = {Provided by the SAO/NASA Astrophysics Data System}
}

@ARTICLE{garciarojas04,
       author = {{Garc{\'\i}a-Rojas}, Jorge and {Esteban}, C{\'e}sar and
         {Peimbert}, Manuel and {Rodr{\'\i}guez}, M{\'o}nica and
         {Ruiz}, Mar{\'\i}a Teresa and {Peimbert}, Antonio},
        title = "{Chemical Abundances of the Galactic H II Region NGC 3576 Derived from Very Large Telescope Echelle Spectrophotometry}",
      journal = {\apjs},
     keywords = {ISM: Abundances, ISM: Individual: NGC Number: NGC 3576, ISM: H II Regions, Line: Identification, Astrophysics},
         year = 2004,
        month = aug,
       volume = {153},
       number = {2},
        pages = {501-522},
          doi = {10.1086/421909},
archivePrefix = {arXiv},
       eprint = {astro-ph/0404123},
 primaryClass = {astro-ph},
       adsurl = {https://ui.adsabs.harvard.edu/abs/2004ApJS..153..501G},
      adsnote = {Provided by the SAO/NASA Astrophysics Data System}
}


@ARTICLE{Peimbert03,
       author = {{Peimbert}, Antonio},
        title = "{The Chemical Composition of the 30 Doradus Nebula Derived from Very Large Telescope Echelle Spectrophotometry}",
      journal = {\apj},
     keywords = {Galaxies: Abundances, Galaxies: ISM, ISM: H II Regions- ISM: Individual: Name: 30 Doradus, Galaxies: Magellanic Clouds, Astrophysics},
         year = 2003,
        month = feb,
       volume = {584},
       number = {2},
        pages = {735-750},
          doi = {10.1086/345793},
archivePrefix = {arXiv},
       eprint = {astro-ph/0208502},
 primaryClass = {astro-ph},
       adsurl = {https://ui.adsabs.harvard.edu/abs/2003ApJ...584..735P},
      adsnote = {Provided by the SAO/NASA Astrophysics Data System}
}

@ARTICLE{Johnstone:1998a,
       author = {{Johnstone}, Doug and {Hollenbach}, David and {Bally}, John},
        title = "{Photoevaporation of Disks and Clumps by Nearby Massive Stars: Application to Disk Destruction in the Orion Nebula}",
      journal = {\apj},
     keywords = {Accretion, Accretion Disks, Stars: Circumstellar Matter, ISM: H II Regions, ISM: General, Galaxy: Open Clusters and Associations: Individual: Name: Orion Nebula Cluster},
         year = 1998,
        month = may,
       volume = {499},
       number = {2},
        pages = {758-776},
          doi = {10.1086/305658},
       adsurl = {https://ui.adsabs.harvard.edu/abs/1998ApJ...499..758J},
      adsnote = {Provided by the SAO/NASA Astrophysics Data System}
}



@ARTICLE{olive04,
       author = {{Olive}, Keith A. and {Skillman}, Evan D.},
        title = "{A Realistic Determination of the Error on the Primordial Helium Abundance: Steps toward Nonparametric Nebular Helium Abundances}",
      journal = {\apj},
     keywords = {Cosmology: Early Universe, Galaxies: Abundances, ISM: H II Regions, ISM: Abundances, Astrophysics, High Energy Physics - Phenomenology},
         year = 2004,
        month = dec,
       volume = {617},
       number = {1},
        pages = {29-49},
          doi = {10.1086/425170},
archivePrefix = {arXiv},
       eprint = {astro-ph/0405588},
 primaryClass = {astro-ph},
       adsurl = {https://ui.adsabs.harvard.edu/abs/2004ApJ...617...29O},
      adsnote = {Provided by the SAO/NASA Astrophysics Data System}
}



@ARTICLE{Aver11,
       author = {{Aver}, Erik and {Olive}, Keith A. and {Skillman}, Evan D.},
        title = "{Mapping systematic errors in helium abundance determinations using Markov Chain Monte Carlo}",
      journal = {\jcap},
     keywords = {Astrophysics - Cosmology and Nongalactic Astrophysics},
         year = 2011,
        month = mar,
       volume = {2011},
       number = {3},
          eid = {043},
        pages = {043},
          doi = {10.1088/1475-7516/2011/03/043},
archivePrefix = {arXiv},
       eprint = {1012.2385},
 primaryClass = {astro-ph.CO},
       adsurl = {https://ui.adsabs.harvard.edu/abs/2011JCAP...03..043A},
      adsnote = {Provided by the SAO/NASA Astrophysics Data System}
}

@ARTICLE{fangyliu11,
       author = {{Fang}, X. and {Liu}, X. -W.},
        title = "{Very deep spectroscopy of the bright Saturn nebula NGC 7009 - I. Observations and plasma diagnostics}",
      journal = {\mnras},
     keywords = {atomic data, atomic processes, line: identification, planetary nebulae: individual: NGC 7009, Astrophysics - Solar and Stellar Astrophysics},
         year = 2011,
        month = jul,
       volume = {415},
       number = {1},
        pages = {181-198},
          doi = {10.1111/j.1365-2966.2011.18681.x},
archivePrefix = {arXiv},
       eprint = {1103.1705},
 primaryClass = {astro-ph.SR},
       adsurl = {https://ui.adsabs.harvard.edu/abs/2011MNRAS.415..181F},
      adsnote = {Provided by the SAO/NASA Astrophysics Data System}
}


@ARTICLE{liu01,
       author = {{Liu}, X. -W. and {Luo}, S. -G. and {Barlow}, M.~J. and
         {Danziger}, I.~J. and {Storey}, P.~J.},
        title = "{Chemical abundances of planetary nebulae from optical recombination lines - III. The Galactic bulge PN M 1-42 and M 2-36}",
      journal = {\mnras},
     keywords = {ISM: ABUNDANCES, PLANETARY NEBULAE: INDIVIDUAL: M 1-42, PLANETARY NEBULAE: INDIVIDUAL: M 2-36},
         year = 2001,
        month = oct,
       volume = {327},
       number = {1},
        pages = {141-168},
          doi = {10.1046/j.1365-8711.2001.04676.x},
       adsurl = {https://ui.adsabs.harvard.edu/abs/2001MNRAS.327..141L},
      adsnote = {Provided by the SAO/NASA Astrophysics Data System}
}

@ARTICLE{brownymathews70,
       author = {{Brown}, Robert L. and {Mathews}, William G.},
        title = "{Theoretical Continuous Spectra of Gaseous Nebulae}",
      journal = {\apj},
         year = 1970,
        month = jun,
       volume = {160},
        pages = {939},
          doi = {10.1086/150483},
       adsurl = {https://ui.adsabs.harvard.edu/abs/1970ApJ...160..939B},
      adsnote = {Provided by the SAO/NASA Astrophysics Data System}
}

@ARTICLE{Bohigas15,
       author = {{Bohigas}, J.},
        title = "{Balmer ratios, the abundance discrepancy factor and a two temperature component nebula}",
      journal = {\mnras},
     keywords = {ISM: abundances, planetary nebulae: general},
         year = 2015,
        month = oct,
       volume = {453},
       number = {2},
        pages = {1281-1287},
          doi = {10.1093/mnras/stv1743},
       adsurl = {https://ui.adsabs.harvard.edu/abs/2015MNRAS.453.1281B},
      adsnote = {Provided by the SAO/NASA Astrophysics Data System}
}



@ARTICLE{Berg20,
       author = {{Berg}, Danielle A. and {Pogge}, Richard W. and {Skillman}, Evan D. and
         {Croxall}, Kevin V. and {Moustakas}, John and {Rogers}, Noah S.~J. and
         {Sun}, Jiayi},
        title = "{CHAOS IV: Gas-phase Abundance Trends from the First Four CHAOS Galaxies}",
      journal = {\apj},
     keywords = {Astrophysics - Astrophysics of Galaxies},
         year = 2020,
        month = apr,
       volume = {893},
       number = {2},
          eid = {96},
        pages = {96},
          doi = {10.3847/1538-4357/ab7eab},
archivePrefix = {arXiv},
       eprint = {2001.05002},
 primaryClass = {astro-ph.GA},
       adsurl = {https://ui.adsabs.harvard.edu/abs/2020ApJ...893...96B},
      adsnote = {Provided by the SAO/NASA Astrophysics Data System}
}



@ARTICLE{lodders19,
       author = {{Lodders}, Katharina},
        title = "{Solar Elemental Abundances}",
      journal = {arXiv e-prints},
     keywords = {Astrophysics - Solar and Stellar Astrophysics, Astrophysics - Earth and Planetary Astrophysics},
         year = 2019,
        month = dec,
          eid = {arXiv:1912.00844},
        pages = {arXiv:1912.00844},
archivePrefix = {arXiv},
       eprint = {1912.00844},
 primaryClass = {astro-ph.SR},
       adsurl = {https://ui.adsabs.harvard.edu/abs/2019arXiv191200844L},
      adsnote = {Provided by the SAO/NASA Astrophysics Data System}
}

@ARTICLE{Porter07,
       author = {{Porter}, R.~L. and {Ferland}, G.~J. and {MacAdam}, K.~B.},
        title = "{He I Emission in the Orion Nebula and Implications for Primordial Helium Abundance}",
      journal = {\apj},
     keywords = {Atomic Data, ISM: H II Regions, ISM: Atoms, ISM: Clouds, Plasmas, Astrophysics},
         year = 2007,
        month = mar,
       volume = {657},
       number = {1},
        pages = {327-337},
          doi = {10.1086/510880},
archivePrefix = {arXiv},
       eprint = {astro-ph/0611579},
 primaryClass = {astro-ph},
       adsurl = {https://ui.adsabs.harvard.edu/abs/2007ApJ...657..327P},
      adsnote = {Provided by the SAO/NASA Astrophysics Data System}
}

@BOOK{osterbrock06,
       author = {{Osterbrock}, Donald E. and {Ferland}, Gary J.},
        title = "{Astrophysics of gaseous nebulae and active galactic nuclei}",
         year = 2006,
       adsurl = {https://ui.adsabs.harvard.edu/abs/2006agna.book.....O},
      adsnote = {Provided by the SAO/NASA Astrophysics Data System}
}

@ARTICLE{Ferland98,
       author = {{Ferland}, G.~J. and {Korista}, K.~T. and {Verner}, D.~A. and
         {Ferguson}, J.~W. and {Kingdon}, J.~B. and {Verner}, E.~M.},
        title = "{CLOUDY 90: Numerical Simulation of Plasmas and Their Spectra}",
      journal = {\pasp},
         year = 1998,
        month = jul,
       volume = {110},
       number = {749},
        pages = {761-778},
          doi = {10.1086/316190},
       adsurl = {https://ui.adsabs.harvard.edu/abs/1998PASP..110..761F},
      adsnote = {Provided by the SAO/NASA Astrophysics Data System}
}

@ARTICLE{costero70,
       author = {{Costero}, R. and {Peimbert}, M.},
        title = "{The Extinction Law in the Orion Nebula}",
      journal = {Boletin de los Observatorios Tonantzintla y Tacubaya},
     keywords = {ISM: Individual (Orion Nebula), ISM: Dust, Extinction},
         year = 1970,
        month = may,
       volume = {5},
        pages = {229-236},
       adsurl = {https://ui.adsabs.harvard.edu/abs/1970BOTT....5..229C},
      adsnote = {Provided by the SAO/NASA Astrophysics Data System}
}


@ARTICLE{walter92,
       author = {{Walter}, Donald K. and {Dufour}, Reginald J. and {Hester}, J.~J.},
        title = "{CNO Abundances and Temperature Fluctuations in the Orion Nebula}",
      journal = {\apj},
     keywords = {Abundance, Charge Coupled Devices, H Ii Regions, Interstellar Matter, Iue, Orion Nebula, Carbon, Hydrogen, Nitrogen, Oxygen, Astrophysics, ISM: H II REGIONS, ISM: ABUNDANCES, ISM: INDIVIDUAL NAME: ORION NEBULA, ULTRAVIOLET: INTERSTELLAR},
         year = 1992,
        month = sep,
       volume = {397},
        pages = {196},
          doi = {10.1086/171779},
       adsurl = {https://ui.adsabs.harvard.edu/abs/1992ApJ...397..196W},
      adsnote = {Provided by the SAO/NASA Astrophysics Data System}
}

@ARTICLE{Feuchtgruber97,
       author = {{Feuchtgruber}, H. and {Lutz}, D. and {Beintema}, D.~A. and
         {Valentijn}, E.~A. and {Bauer}, O.~H. and {Boxhoorn}, D.~R. and
         {De Graauw}, Th. and {Haser}, L.~N. and {Haerendel}, G. and
         {Heras}, A.~M. and {Katterloher}, R.~O. and {Kester}, D.~J.~M. and
         {Lahuis}, F. and {Leech}, K.~J. and {Morris}, P.~W. and
         {Roelfsema}, P.~R. and {Salama}, A. and {Schaeidt}, S.~G. and
         {Spoon}, H.~W.~W. and {Vandenbussche}, B. and {Wieprecht}, E.},
        title = "{New Wavelength Determinations of Mid-Infrared Fine-structure Lines by Infrared Space Observatory Short Wavelength Spectrometer}",
      journal = {\apj},
     keywords = {Atomic Data, Infrared: ISM: Lines and Bands, Line: Identification, planetary},
         year = 1997,
        month = oct,
       volume = {487},
       number = {2},
        pages = {962-966},
          doi = {10.1086/304649},
       adsurl = {https://ui.adsabs.harvard.edu/abs/1997ApJ...487..962F},
      adsnote = {Provided by the SAO/NASA Astrophysics Data System}
}

@article{Persson91,
  title = {Spectrum of doubly ionized neon},
  author = {Persson, W. and Wahlstr\"om, C.-G. and J\"onsson, L. and Di Rocco, H. O.},
  journal = {Phys. Rev. A},
  volume = {43},
  issue = {9},
  pages = {4791--4823},
  numpages = {0},
  year = {1991},
  month = {May},
  publisher = {American Physical Society},
  doi = {10.1103/PhysRevA.43.4791},
  url = {https://link.aps.org/doi/10.1103/PhysRevA.43.4791}
}


@ARTICLE{Bowen55,
       author = {{Bowen}, Ira S.},
        title = "{Wave Lengths of Forbidden Nebular Lines.}",
      journal = {\apj},
         year = 1955,
        month = mar,
       volume = {121},
        pages = {306},
          doi = {10.1086/145989},
       adsurl = {https://ui.adsabs.harvard.edu/abs/1955ApJ...121..306B},
      adsnote = {Provided by the SAO/NASA Astrophysics Data System}
}

@ARTICLE{Esteban98,
       author = {{Esteban}, C. and {Peimbert}, M. and {Torres-Peimbert}, S. and
         {Escalante}, V.},
        title = "{Chemical composition of the Orion nebula derived from echelle spectrophotometry.}",
      journal = {\mnras},
     keywords = {line: identification - ISM: abundances - H ii regions - ISM: individual: Orion nebula},
         year = 1998,
        month = apr,
       volume = {295},
        pages = {401-422},
          doi = {10.1046/j.1365-8711.1998.01335.x},
       adsurl = {https://ui.adsabs.harvard.edu/abs/1998MNRAS.295..401E},
      adsnote = {Provided by the SAO/NASA Astrophysics Data System}
}


@article{Kaufman93,
author = {Kaufman,Victor  and Martin,W. C. },
title = {Wavelengths and Energy Level Classifications for the Spectra of Sulfur (S I through S XVI)},
journal = {Journal of Physical and Chemical Reference Data},
volume = {22},
number = {2},
pages = {279-375},
year = {1993},
doi = {10.1063/1.555941},

URL = { 
        https://doi.org/10.1063/1.555941
    
},
eprint = { 
        https://doi.org/10.1063/1.555941
    
}

}


@BOOK{Sugar85,
       author = {{Sugar}, Jack and {Corliss}, Charles},
        title = "{Atomic energy levels of the iron-period elements: Potassium through Nickel}",
         year = 1985,
       adsurl = {https://ui.adsabs.harvard.edu/abs/1985aeli.book.....S},
      adsnote = {Provided by the SAO/NASA Astrophysics Data System}
}


@ARTICLE{delgadoinglada16,
       author = {{Delgado-Inglada}, G. and {Mesa-Delgado}, A. and
         {Garc{\'\i}a-Rojas}, J. and {Rodr{\'\i}guez}, M. and {Esteban}, C.},
        title = "{The Fe/Ni ratio in ionized nebulae: clues on dust depletion patterns}",
      journal = {\mnras},
     keywords = {ISM: abundances, ISM: evolution, H II regions - planetary nebulae: general, Galaxy: abundances, local interstellar matter, Astrophysics - Solar and Stellar Astrophysics, Astrophysics - Astrophysics of Galaxies},
         year = 2016,
        month = mar,
       volume = {456},
       number = {4},
        pages = {3855-3865},
          doi = {10.1093/mnras/stv2961},
archivePrefix = {arXiv},
       eprint = {1512.05664},
 primaryClass = {astro-ph.SR},
       adsurl = {https://ui.adsabs.harvard.edu/abs/2016MNRAS.456.3855D},
      adsnote = {Provided by the SAO/NASA Astrophysics Data System}
}

@ARTICLE{Lucy95,
       author = {{Lucy}, L.~B.},
        title = "{Fluorescent excitation of [Ni II] lines in the spectra of gaseous nebulae.}",
      journal = {\aap},
     keywords = {Crab Nebula, Emission Spectra, Fluorescence, Iron, Line Spectra, Nickel, Orion Nebula, Photons, Ultraviolet Radiation, H Ii Regions, Interstellar Gas, Stellar Envelopes, Supernova Remnants, Astrophysics, ATOMIC PROCESSES, CIRCUMSTELLAR MATTER, H II REGIONS, CRAB NEBULA, ISM: SUPERNOVA REMNANT},
         year = 1995,
        month = feb,
       volume = {294},
        pages = {555-567},
       adsurl = {https://ui.adsabs.harvard.edu/abs/1995A&A...294..555L},
      adsnote = {Provided by the SAO/NASA Astrophysics Data System}
}



@INPROCEEDINGS{Zhang06,
       author = {{Zhang}, Y. and {Liu}, X. -W.},
        title = "{The Fe/Ni ratio in the Ant Nebula Mz 3}",
     keywords = {Astrophysics},
    booktitle = {Planetary Nebulae in our Galaxy and Beyond},
         year = 2006,
       editor = {{Barlow}, Michael J. and {M{\'e}ndez}, Roberto H.},
       series = {IAU Symposium},
       volume = {234},
        month = jan,
        pages = {547-548},
          doi = {10.1017/S1743921306004170},
archivePrefix = {arXiv},
       eprint = {astro-ph/0605180},
 primaryClass = {astro-ph},
       adsurl = {https://ui.adsabs.harvard.edu/abs/2006IAUS..234..547Z},
      adsnote = {Provided by the SAO/NASA Astrophysics Data System}
}


@ARTICLE{Ferland01,
       author = {{Ferland}, Gary J.},
        title = "{Physical Conditions in the Orion H II Region}",
      journal = {\pasp},
     keywords = {ISM: Individual: Name: Orion},
         year = 2001,
        month = jan,
       volume = {113},
       number = {779},
        pages = {41-48},
          doi = {10.1086/317983},
       adsurl = {https://ui.adsabs.harvard.edu/abs/2001PASP..113...41F},
      adsnote = {Provided by the SAO/NASA Astrophysics Data System}
}

@ARTICLE{Odell20,
       author = {{O'Dell}, C.~R. and {Abel}, N.~P. and {Ferland}, G.~J.},
        title = "{Deciphering the 3D Orion Nebula-I: Expanding Shells in the Huygens Region}",
      journal = {\apj},
     keywords = {Astrophysics - Astrophysics of Galaxies},
         year = 2020,
        month = mar,
       volume = {891},
       number = {1},
          eid = {46},
        pages = {46},
          doi = {10.3847/1538-4357/ab723d},
archivePrefix = {arXiv},
       eprint = {2003.01840},
 primaryClass = {astro-ph.GA},
       adsurl = {https://ui.adsabs.harvard.edu/abs/2020ApJ...891...46O},
      adsnote = {Provided by the SAO/NASA Astrophysics Data System}
}

@ARTICLE{Odell01,
       author = {{O'Dell}, C.~R.},
        title = "{The Orion Nebula and its Associated Population}",
      journal = {\araa},
     keywords = {GASEOUS NEBULAE, STAR FORMATION, STELLAR EVOLUTION, PROTOPLANETARY DISKS},
         year = 2001,
        month = jan,
       volume = {39},
        pages = {99-136},
          doi = {10.1146/annurev.astro.39.1.99},
       adsurl = {https://ui.adsabs.harvard.edu/abs/2001ARA&A..39...99O},
      adsnote = {Provided by the SAO/NASA Astrophysics Data System}
}

@ARTICLE{garciadiaz08,
       author = {{Garc{\'\i}a-D{\'\i}az}, Ma. T. and {Henney}, W.~J. and
         {L{\'o}pez}, J.~A. and {Doi}, T.},
        title = "{Velocity Structure in the Orion Nebula. II. Emission Line Atlas of Partially Ionized to Fully Ionized Gas}",
      journal = {\rmxaa},
     keywords = {H II regions, ISM: Herbig-Haro objects, ISM: individual: Orion nebula, techniques: spectroscopy, turbulence, Astrophysics},
         year = 2008,
        month = apr,
       volume = {44},
        pages = {181-212},
archivePrefix = {arXiv},
       eprint = {0802.0518},
 primaryClass = {astro-ph},
       adsurl = {https://ui.adsabs.harvard.edu/abs/2008RMxAA..44..181G},
      adsnote = {Provided by the SAO/NASA Astrophysics Data System}
}

@ARTICLE{Peimbert67,
       author = {{Peimbert}, Manuel},
        title = "{Temperature Determinations of H II Regions}",
      journal = {\apj},
         year = 1967,
        month = dec,
       volume = {150},
        pages = {825},
          doi = {10.1086/149385},
       adsurl = {https://ui.adsabs.harvard.edu/abs/1967ApJ...150..825P},
      adsnote = {Provided by the SAO/NASA Astrophysics Data System}
}

@ARTICLE{Peimbert69,
       author = {{Peimbert}, M. and {Costero}, R.},
        title = "{Chemical Abundances in Galactic HII Regions}",
      journal = {Boletin de los Observatorios Tonantzintla y Tacubaya},
     keywords = {HII Regions, Abundances},
         year = 1969,
        month = may,
       volume = {5},
        pages = {3-22},
       adsurl = {https://ui.adsabs.harvard.edu/abs/1969BOTT....5....3P},
      adsnote = {Provided by the SAO/NASA Astrophysics Data System}
}

@ARTICLE{kingdon95,
       author = {{Kingdon}, J.~B. and {Ferland}, G.~J.},
        title = "{Temperature Fluctuations in Photoionized Nebulae}",
      journal = {\apj},
     keywords = {ISM: ABUNDANCES, ISM: PLANETARY NEBULAE: GENERAL},
         year = 1995,
        month = sep,
       volume = {450},
        pages = {691},
          doi = {10.1086/176175},
       adsurl = {https://ui.adsabs.harvard.edu/abs/1995ApJ...450..691K},
      adsnote = {Provided by the SAO/NASA Astrophysics Data System}
}


@ARTICLE{peimbert02,
       author = {{Peimbert}, Antonio and {Peimbert}, Manuel and {Luridiana}, Valentina},
        title = "{Temperature Bias and the Primordial Helium Abundance Determination}",
      journal = {\apj},
     keywords = {Galaxies: Abundances, Galaxies: ISM, ISM: H II Regions, ISM: Abundances, Astrophysics},
         year = 2002,
        month = feb,
       volume = {565},
       number = {2},
        pages = {668-680},
          doi = {10.1086/324601},
archivePrefix = {arXiv},
       eprint = {astro-ph/0107189},
 primaryClass = {astro-ph},
       adsurl = {https://ui.adsabs.harvard.edu/abs/2002ApJ...565..668P},
      adsnote = {Provided by the SAO/NASA Astrophysics Data System}
}

@ARTICLE{stasinska02,
       author = {{Stasi{\'n}ska}, Grazyna},
        title = "{Abundance determinations in HII regions and planetary nebulae}",
      journal = {arXiv e-prints},
     keywords = {Astrophysics},
         year = 2002,
        month = jul,
          eid = {astro-ph/0207500},
        pages = {astro-ph/0207500},
archivePrefix = {arXiv},
       eprint = {astro-ph/0207500},
 primaryClass = {astro-ph},
       adsurl = {https://ui.adsabs.harvard.edu/abs/2002astro.ph..7500S},
      adsnote = {Provided by the SAO/NASA Astrophysics Data System}
}


@ARTICLE{garciarojas07,
       author = {{Garc{\'\i}a-Rojas}, Jorge and {Esteban}, C{\'e}sar},
        title = "{On the Abundance Discrepancy Problem in H II Regions}",
      journal = {\apj},
     keywords = {ISM: H II Regions, ISM: Abundances, Line: Identification, Astrophysics},
         year = 2007,
        month = nov,
       volume = {670},
       number = {1},
        pages = {457-470},
          doi = {10.1086/521871},
archivePrefix = {arXiv},
       eprint = {0707.3518},
 primaryClass = {astro-ph},
       adsurl = {https://ui.adsabs.harvard.edu/abs/2007ApJ...670..457G},
      adsnote = {Provided by the SAO/NASA Astrophysics Data System}
}

@ARTICLE{Vilchez88,
       author = {{Vilchez}, J.~M. and {Pagel}, B.~E.~J.},
        title = "{On the determination of temperatures of ionizing stars in H II regions}",
      journal = {\mnras},
     keywords = {Gas Ionization, H Ii Regions, Hydrogen Clouds, Positive Ions, Stellar Temperature, Astronomical Catalogs, Line Spectra, Nebulae, Oxygen Ions, Sulfur, Astrophysics},
         year = 1988,
        month = mar,
       volume = {231},
        pages = {257-267},
          doi = {10.1093/mnras/231.2.257},
       adsurl = {https://ui.adsabs.harvard.edu/abs/1988MNRAS.231..257V},
      adsnote = {Provided by the SAO/NASA Astrophysics Data System}
}

@ARTICLE{pagel92,
       author = {{Pagel}, B.~E.~J. and {Simonson}, E.~A. and {Terlevich}, R.~J. and
         {Edmunds}, M.~G.},
        title = "{The primordial helium abundance from observations of extragalactic HII regions.}",
      journal = {\mnras},
     keywords = {Abundance, Dwarf Galaxies, H Ii Regions, Helium, Nuclear Astrophysics, Wolf-Rayet Stars, Big Bang Cosmology, Emission Spectra, Markarian Galaxies, Maximum Likelihood Estimates, Starburst Galaxies, Stellar Winds, Astrophysics},
         year = 1992,
        month = mar,
       volume = {255},
        pages = {325-345},
          doi = {10.1093/mnras/255.2.325},
       adsurl = {https://ui.adsabs.harvard.edu/abs/1992MNRAS.255..325P},
      adsnote = {Provided by the SAO/NASA Astrophysics Data System}
}

@ARTICLE{Noll12,
       author = {{Noll}, S. and {Kausch}, W. and {Barden}, M. and {Jones}, A.~M. and
         {Szyszka}, C. and {Kimeswenger}, S. and {Vinther}, J.},
        title = "{An atmospheric radiation model for Cerro Paranal. I. The optical spectral range}",
      journal = {\aap},
     keywords = {atmospheric effects, site testing, radiative transfer, radiation mechanisms: general, scattering, techniques: spectroscopic, Astrophysics - Instrumentation and Methods for Astrophysics, Physics - Atmospheric and Oceanic Physics},
         year = "2012",
        month = "Jul",
       volume = {543},
          eid = {A92},
        pages = {A92},
          doi = {10.1051/0004-6361/201219040},
archivePrefix = {arXiv},
       eprint = {1205.2003},
 primaryClass = {astro-ph.IM},
       adsurl = {https://ui.adsabs.harvard.edu/abs/2012A&A...543A..92N},
      adsnote = {Provided by the SAO/NASA Astrophysics Data System}
}

@ARTICLE{Jenkins09,
       author = {{Jenkins}, Edward B.},
        title = "{A Unified Representation of Gas-Phase Element Depletions in the Interstellar Medium}",
      journal = {\apj},
     keywords = {ISM: abundances, ISM: atoms, ultraviolet: ISM, Astrophysics - Galaxy Astrophysics},
         year = 2009,
        month = aug,
       volume = {700},
       number = {2},
        pages = {1299-1348},
          doi = {10.1088/0004-637X/700/2/1299},
archivePrefix = {arXiv},
       eprint = {0905.3173},
 primaryClass = {astro-ph.GA},
       adsurl = {https://ui.adsabs.harvard.edu/abs/2009ApJ...700.1299J},
      adsnote = {Provided by the SAO/NASA Astrophysics Data System}
}

@ARTICLE{osterbrock92,
       author = {{Osterbrock}, Donald E. and {Tran}, Hien D. and {Veilleux}, Sylvain},
        title = "{Faint Emission Lines in the Spectrum of the Orion Nebula and the Abundances of Some of the Rarer Elements}",
      journal = {\apj},
     keywords = {Abundance, Astronomical Spectroscopy, Emission Spectra, Interstellar Matter, Line Spectra, Orion Nebula, Charge Coupled Devices, Forbidden Transitions, H Lines, Helium Ions, Interstellar Extinction, Iron, Metal Ions, Nickel, Recombination Reactions, Stellar Composition, Astrophysics, ISM: ABUNDANCES, ISM: INDIVIDUAL NAME: ORION NEBULA},
         year = 1992,
        month = apr,
       volume = {389},
        pages = {305},
          doi = {10.1086/171206},
       adsurl = {https://ui.adsabs.harvard.edu/abs/1992ApJ...389..305O},
      adsnote = {Provided by the SAO/NASA Astrophysics Data System}
}

@ARTICLE{garciarojas13,
       author = {{Garc{\'\i}a-Rojas}, Jorge and {Pe{\~n}a}, Miriam and
         {Morisset}, Christophe and {Delgado-Inglada}, Gloria and
         {Mesa-Delgado}, Adal and {Ruiz}, Mar{\'\i}a Teresa},
        title = "{Analysis of chemical abundances in planetary nebulae with [WC] central stars. II. Chemical abundances and the abundance discrepancy factor}",
      journal = {\aap},
     keywords = {stars: AGB and post-AGB, ISM: abundances, planetary nebulae: general, Galaxy: abundances, Astrophysics - Astrophysics of Galaxies, Astrophysics - Solar and Stellar Astrophysics},
         year = 2013,
        month = oct,
       volume = {558},
          eid = {A122},
        pages = {A122},
          doi = {10.1051/0004-6361/201322354},
archivePrefix = {arXiv},
       eprint = {1309.1663},
 primaryClass = {astro-ph.GA},
       adsurl = {https://ui.adsabs.harvard.edu/abs/2013A&A...558A.122G},
      adsnote = {Provided by the SAO/NASA Astrophysics Data System}
}


@ARTICLE{rodriguez02,
       author = {{Rodr{\'\i}guez}, M.},
        title = "{Iron abundance in H II regions}",
      journal = {\aap},
     keywords = {H II, Astrophysics},
         year = 2002,
        month = jul,
       volume = {389},
        pages = {556-567},
          doi = {10.1051/0004-6361:20011823},
archivePrefix = {arXiv},
       eprint = {astro-ph/0203394},
 primaryClass = {astro-ph},
       adsurl = {https://ui.adsabs.harvard.edu/abs/2002A&A...389..556R},
      adsnote = {Provided by the SAO/NASA Astrophysics Data System}
}

@ARTICLE{Odell15,
       author = {{O'Dell}, C.~R. and {Ferland}, G.~J. and {Henney}, W.~J. and
         {Peimbert}, M. and {Garc{\'\i}a-D{\'\i}az}, Ma. T. and
         {Rubin}, Robert H.},
        title = "{The Nature and Frequency of Outflows from Stars in the Central Orion Nebula Cluster}",
      journal = {\aj},
     keywords = {H ii regions, ISM: individual objects: Orion Nebula, NGC 1976, M42, Orion-South, protoplanetary disks, Astrophysics - Astrophysics of Galaxies, Astrophysics - Solar and Stellar Astrophysics},
         year = 2015,
        month = oct,
       volume = {150},
       number = {4},
          eid = {108},
        pages = {108},
          doi = {10.1088/0004-6256/150/4/108},
archivePrefix = {arXiv},
       eprint = {1508.03412},
 primaryClass = {astro-ph.GA},
       adsurl = {https://ui.adsabs.harvard.edu/abs/2015AJ....150..108O},
      adsnote = {Provided by the SAO/NASA Astrophysics Data System}
}

@ARTICLE{rodriguez99,
       author = {{Rodr{\'\i}guez}, M.},
        title = "{Fluorescence of [Fe II] in H II regions}",
      journal = {\aap},
     keywords = {ISM: H II REGIONS, LINE: FORMATION, ISM: INDIVIDUAL OBJECTS: M42, ISM: INDIVIDUAL OBJECTS: M43, Astrophysics},
         year = 1999,
        month = aug,
       volume = {348},
        pages = {222-226},
archivePrefix = {arXiv},
       eprint = {astro-ph/9906291},
 primaryClass = {astro-ph},
       adsurl = {https://ui.adsabs.harvard.edu/abs/1999A&A...348..222R},
      adsnote = {Provided by the SAO/NASA Astrophysics Data System}
}


@ARTICLE{verner00,
       author = {{Verner}, E.~M. and {Verner}, D.~A. and {Baldwin}, J.~A. and {Ferland
        }, G.~J. and {Martin}, P.~G.},
        title = "{Continuum Pumping of [Fe II] in the Orion Nebula}",
      journal = {\apj},
     keywords = {Atomic Data, ISM: H II Regions, ISM: Individual: Name: Orion Nebula, Line: Formation, Line: Identification},
         year = 2000,
        month = nov,
       volume = {543},
       number = {2},
        pages = {831-839},
          doi = {10.1086/317159},
       adsurl = {https://ui.adsabs.harvard.edu/abs/2000ApJ...543..831V},
      adsnote = {Provided by the SAO/NASA Astrophysics Data System}
}

@ARTICLE{rodriguez05,
       author = {{Rodr{\'\i}guez}, M{\'o}nica and {Rubin}, Robert H.},
        title = "{The [Fe IV] Discrepancy: Constraining the Iron Abundances in Nebulae}",
      journal = {\apj},
     keywords = {ISM: H II Regions, ISM: Abundances, Astrophysics},
         year = 2005,
        month = jun,
       volume = {626},
       number = {2},
        pages = {900-908},
          doi = {10.1086/429958},
archivePrefix = {arXiv},
       eprint = {astro-ph/0504131},
 primaryClass = {astro-ph},
       adsurl = {https://ui.adsabs.harvard.edu/abs/2005ApJ...626..900R},
      adsnote = {Provided by the SAO/NASA Astrophysics Data System}
}

@INPROCEEDINGS{bastin06,
       author = {{Bastin}, Robert J. and {Storey}, Peter J.},
        title = "{Recombination line spectroscopy: the O II spectrum}",
    booktitle = {Planetary Nebulae in our Galaxy and Beyond},
         year = 2006,
       editor = {{Barlow}, Michael J. and {M{\'e}ndez}, Roberto H.},
       series = {IAU Symposium},
       volume = {234},
        month = jan,
        pages = {369-370},
          doi = {10.1017/S1743921306003280},
       adsurl = {https://ui.adsabs.harvard.edu/abs/2006IAUS..234..369B},
      adsnote = {Provided by the SAO/NASA Astrophysics Data System}
}

@ARTICLE{Storey94,
       author = {{Storey}, P.~J.},
        title = "{Recombination coefficients for O II lines at nebular temperatures and densities.}",
      journal = {\aap},
     keywords = {Atomic Spectra, Coefficients, Electron Recombination, H Ii Regions, Line Spectra, Oxygen Spectra, Photoionization, Planetary Nebulae, Radiative Recombination, Configuration Interaction, Electron Density (Concentration), Electron Energy, Electron Orbitals, Astrophysics},
         year = 1994,
        month = feb,
       volume = {282},
        pages = {999-1013},
       adsurl = {https://ui.adsabs.harvard.edu/abs/1994A&A...282..999S},
      adsnote = {Provided by the SAO/NASA Astrophysics Data System}
}

@ARTICLE{Ruiz03,
       author = {{Ruiz}, Mar{\'\i}a Teresa and {Peimbert}, Antonio and
         {Peimbert}, Manuel and {Esteban}, C{\'e}sar},
        title = "{Very Large Telescope Echelle Spectrophotometry of the Planetary Nebula NGC 5307 and Temperature Variations}",
      journal = {\apj},
     keywords = {ISM: Abundances, ISM: Planetary Nebulae: General, ISM: Planetary Nebulae: Individual: NGC Number: NGC 5307, Astrophysics},
         year = 2003,
        month = sep,
       volume = {595},
       number = {1},
        pages = {247-258},
          doi = {10.1086/377255},
archivePrefix = {arXiv},
       eprint = {astro-ph/0305348},
 primaryClass = {astro-ph},
       adsurl = {https://ui.adsabs.harvard.edu/abs/2003ApJ...595..247R},
      adsnote = {Provided by the SAO/NASA Astrophysics Data System}
}

@ARTICLE{peimbert05,
       author = {{Peimbert}, Antonio and {Peimbert}, Manuel and {Ruiz}, Mar{\'\i}a Teresa},
        title = "{Chemical Composition of Two H II Regions in NGC 6822 Based on VLT Spectroscopy}",
      journal = {\apj},
     keywords = {Galaxies: Abundances, Galaxies: Individual: NGC Number: NGC 6822, ISM: H II Regions, Astrophysics},
         year = 2005,
        month = dec,
       volume = {634},
       number = {2},
        pages = {1056-1066},
          doi = {10.1086/444557},
archivePrefix = {arXiv},
       eprint = {astro-ph/0507084},
 primaryClass = {astro-ph},
       adsurl = {https://ui.adsabs.harvard.edu/abs/2005ApJ...634.1056P},
      adsnote = {Provided by the SAO/NASA Astrophysics Data System}
}



@ARTICLE{Benjamin02,
       author = {{Benjamin}, Robert A. and {Skillman}, Evan D. and {Smits}, Derck P.},
        title = "{Radiative Transfer Effects in He I Emission Lines}",
      journal = {\apj},
     keywords = {Atomic Data, Cosmology: Cosmological Parameters, Cosmology: Observations, ISM: Abundances, ISM: General, Astrophysics},
         year = 2002,
        month = apr,
       volume = {569},
       number = {1},
        pages = {288-294},
          doi = {10.1086/339242},
archivePrefix = {arXiv},
       eprint = {astro-ph/0202227},
 primaryClass = {astro-ph},
       adsurl = {https://ui.adsabs.harvard.edu/abs/2002ApJ...569..288B},
      adsnote = {Provided by the SAO/NASA Astrophysics Data System}
}



@ARTICLE{odell18,
       author = {{O'Dell}, C.~R.},
        title = "{Layers in the Central Orion nebula}",
      journal = {\mnras},
     keywords = {atomic processes, radiation mechanisms: general, ISM: atoms, dust, extinction, \&lt;sc\&gt;Hii\&lt;/sc\&gt; regions, ISM: individual objects: Orion nebula (NGC 1976), Astrophysics - Astrophysics of Galaxies},
         year = 2018,
        month = jul,
       volume = {478},
       number = {1},
        pages = {1017-1041},
          doi = {10.1093/mnras/sty960},
archivePrefix = {arXiv},
       eprint = {1804.06491},
 primaryClass = {astro-ph.GA},
       adsurl = {https://ui.adsabs.harvard.edu/abs/2018MNRAS.478.1017O},
      adsnote = {Provided by the SAO/NASA Astrophysics Data System}
}

@BOOK{goudis82,
       author = {{Goudis}, C.},
        title = "{The Orion complex: A case study of interstellar matter}",
         year = 1982,
       volume = {90},
          doi = {10.1007/978-94-009-7712-9},
       adsurl = {https://ui.adsabs.harvard.edu/abs/1982ASSL...90.....G},
      adsnote = {Provided by the SAO/NASA Astrophysics Data System}
}

@ARTICLE{Fehrenbach77,
       author = {{Fehrenbach}, Ch.},
        title = "{Wavelengths of forbidden lines in the Orion Nebula.}",
      journal = {\aaps},
     keywords = {Astronomical Spectroscopy, Hydrogen Clouds, Nebulae, Radial Velocity, Wavelengths, Astronomical Photography, Orion Constellation, Spectroscopic Telescopes, Spectrum Analysis, Astrophysics},
         year = 1977,
        month = jul,
       volume = {29},
        pages = {71-77},
       adsurl = {https://ui.adsabs.harvard.edu/abs/1977A&AS...29...71F},
      adsnote = {Provided by the SAO/NASA Astrophysics Data System}
}

@ARTICLE{odell92,
       author = {{O'Dell}, C.~R. and {Wen}, Zheng},
        title = "{Motion at the Ionization Front in the Orion Nebula: A Kinematic Study of the [O i] Line}",
      journal = {\apj},
     keywords = {Emission Spectra, Gas Ionization, H Ii Regions, Molecular Clouds, Orion Nebula, Astronomical Spectroscopy, Molecular Excitation, Spectral Line Width, Statistical Analysis, Astrophysics, ISM: H II REGIONS, ISM: INDIVIDUAL ALPHANUMERIC: CRL 2136, ISM: KINEMATICS AND DYNAMICS, ISM: STRUCTURE},
         year = 1992,
        month = mar,
       volume = {387},
        pages = {229},
          doi = {10.1086/171074},
       adsurl = {https://ui.adsabs.harvard.edu/abs/1992ApJ...387..229O},
      adsnote = {Provided by the SAO/NASA Astrophysics Data System}
}


@ARTICLE{odell03,
       author = {{O'Dell}, C.~R. and {Peimbert}, Manuel and {Peimbert}, Antonio},
        title = "{Fine-Scale Temperature Fluctuations in the Orion Nebula and the t$^{2}$ Problem}",
      journal = {\aj},
     keywords = {ISM: H II Regions, ISM: Abundances, ISM: Individual: Name: Orion, Astrophysics},
         year = 2003,
        month = may,
       volume = {125},
       number = {5},
        pages = {2590-2608},
          doi = {10.1086/374788},
archivePrefix = {arXiv},
       eprint = {astro-ph/0303005},
 primaryClass = {astro-ph},
       adsurl = {https://ui.adsabs.harvard.edu/abs/2003AJ....125.2590O},
      adsnote = {Provided by the SAO/NASA Astrophysics Data System}
}


@ARTICLE{garciarojas05,
       author = {{Garc{\'\i}a-Rojas}, J. and {Esteban}, C. and {Peimbert}, A. and
         {Peimbert}, M. and {Rodr{\'\i}guez}, M. and {Ruiz}, M.~T.},
        title = "{Deep echelle spectrophotometry of S 311, a Galactic HII region located outside the solar circle}",
      journal = {\mnras},
     keywords = {ISM: abundances, HII regions, ISM: individual: S 311, Astrophysics},
         year = 2005,
        month = sep,
       volume = {362},
       number = {1},
        pages = {301-312},
          doi = {10.1111/j.1365-2966.2005.09302.x},
archivePrefix = {arXiv},
       eprint = {astro-ph/0506409},
 primaryClass = {astro-ph},
       adsurl = {https://ui.adsabs.harvard.edu/abs/2005MNRAS.362..301G},
      adsnote = {Provided by the SAO/NASA Astrophysics Data System}
}

@ARTICLE{garciarojas07-2,
       author = {{Garc{\'\i}a-Rojas}, J. and {Esteban}, C. and {Peimbert}, A. and
         {Rodr{\'\i}guez}, M. and {Peimbert}, M. and {Ruiz}, M.~T.},
        title = "{The chemical composition of the Galactic H II regions M8 and M17. A revision based on deep VLT echelle spectrophotometry}",
      journal = {\rmxaa},
     keywords = {HII Regions, ISM: Abundances, ISM: Individual (M8, M17), Line: Identification, Astrophysics},
         year = 2007,
        month = apr,
       volume = {43},
        pages = {3-31},
archivePrefix = {arXiv},
       eprint = {astro-ph/0610065},
 primaryClass = {astro-ph},
       adsurl = {https://ui.adsabs.harvard.edu/abs/2007RMxAA..43....3G},
      adsnote = {Provided by the SAO/NASA Astrophysics Data System}
}


@ARTICLE{rodriguez20,
       author = {{Rodr{\'\i}guez}, M{\'o}nica},
        title = "{The impact of spectra quality on nebular abundances}",
      journal = {\mnras},
     keywords = {ISM: abundances, planetary nebulae: general, Astrophysics - Astrophysics of Galaxies},
         year = 2020,
        month = jun,
       volume = {495},
       number = {1},
        pages = {1016-1034},
          doi = {10.1093/mnras/staa1286},
archivePrefix = {arXiv},
       eprint = {2005.03798},
 primaryClass = {astro-ph.GA},
       adsurl = {https://ui.adsabs.harvard.edu/abs/2020MNRAS.495.1016R},
      adsnote = {Provided by the SAO/NASA Astrophysics Data System}
}





@ARTICLE{Baldwin96,
       author = {{Baldwin}, J.~A. and {Crotts}, A. and {Dufour}, R.~J. and {Ferland
        }, G.~J. and {Heathcote}, S. and {Hester}, J.~J. and {Korista}, K.~T. and
         {Martin}, P.~G. and {O'Dell}, C.~R. and {Rubin}, R.~H. and
         {Tielens}, A.~G.~G.~M. and {Verner}, D.~A. and {Verner}, E.~M. and
         {Walter}, D.~K. and {Wen}, Z.},
        title = "{Physical Conditions in Low Ionization Regions of the Orion Nebula}",
      journal = {\apjl},
     keywords = {ISM: H II REGIONS, ISM: ABUNDANCES, ISM: ATOMS, ISM: INDIVIDUAL NAME: ORION NEBULA, Astrophysics},
         year = 1996,
        month = sep,
       volume = {468},
        pages = {L115},
          doi = {10.1086/310245},
archivePrefix = {arXiv},
       eprint = {astro-ph/9607045},
 primaryClass = {astro-ph},
       adsurl = {https://ui.adsabs.harvard.edu/abs/1996ApJ...468L.115B},
      adsnote = {Provided by the SAO/NASA Astrophysics Data System}
}

@article{astropy_a,
Adsnote = {Provided by the SAO/NASA Astrophysics Data System},
Adsurl = {http://adsabs.harvard.edu/abs/2013A%26A...558A..33A},
Archiveprefix = {arXiv},
Author = {{Astropy Collaboration} and {Robitaille}, T.~P. and {Tollerud}, E.~J. and {Greenfield}, P. and {Droettboom}, M. and {Bray}, E. and {Aldcroft}, T. and {Davis}, M. and {Ginsburg}, A. and {Price-Whelan}, A.~M. and {Kerzendorf}, W.~E. and {Conley}, A. and {Crighton}, N. and {Barbary}, K. and {Muna}, D. and {Ferguson}, H. and {Grollier}, F. and {Parikh}, M.~M. and {Nair}, P.~H. and {Unther}, H.~M. and {Deil}, C. and {Woillez}, J. and {Conseil}, S. and {Kramer}, R. and {Turner}, J.~E.~H. and {Singer}, L. and {Fox}, R. and {Weaver}, B.~A. and {Zabalza}, V. and {Edwards}, Z.~I. and {Azalee Bostroem}, K. and {Burke}, D.~J. and {Casey}, A.~R. and {Crawford}, S.~M. and {Dencheva}, N. and {Ely}, J. and {Jenness}, T. and {Labrie}, K. and {Lim}, P.~L. and {Pierfederici}, F. and {Pontzen}, A. and {Ptak}, A. and {Refsdal}, B. and {Servillat}, M. and {Streicher}, O.},
Doi = {10.1051/0004-6361/201322068},
Eid = {A33},
Eprint = {1307.6212},
Journal = {\aap},
Keywords = {methods: data analysis, methods: miscellaneous, virtual observatory tools},
Month = oct,
Pages = {A33},
Primaryclass = {astro-ph.IM},
Title = {{Astropy: A community Python package for astronomy}},
Volume = 558,
Year = 2013,
Bdsk-Url-1 = {https://dx.doi.org/10.1051/0004-6361/201322068}}

@article{astropy_b,
Adsnote = {Provided by the SAO/NASA Astrophysics Data System},
Adsurl = {https://ui.adsabs.harvard.edu/#abs/2018AJ....156..123T},
Author = {{Price-Whelan}, A.~M. and {Sip{\H{o}}cz}, B.~M. and {G{\"u}nther}, H.~M. and {Lim}, P.~L. and {Crawford}, S.~M. and {Conseil}, S. and {Shupe}, D.~L. and {Craig}, M.~W. and {Dencheva}, N. and {Ginsburg}, A. and {VanderPlas}, J.~T. and {Bradley}, L.~D. and {P{\'e}rez-Su{\'a}rez}, D. and {de Val-Borro}, M. and {Paper Contributors}, (Primary and {Aldcroft}, T.~L. and {Cruz}, K.~L. and {Robitaille}, T.~P. and {Tollerud}, E.~J. and {Coordination Committee}, (Astropy and {Ardelean}, C. and {Babej}, T. and {Bach}, Y.~P. and {Bachetti}, M. and {Bakanov}, A.~V. and {Bamford}, S.~P. and {Barentsen}, G. and {Barmby}, P. and {Baumbach}, A. and {Berry}, K.~L. and {Biscani}, F. and {Boquien}, M. and {Bostroem}, K.~A. and {Bouma}, L.~G. and {Brammer}, G.~B. and {Bray}, E.~M. and {Breytenbach}, H. and {Buddelmeijer}, H. and {Burke}, D.~J. and {Calderone}, G. and {Cano Rodr{\'\i}guez}, J.~L. and {Cara}, M. and {Cardoso}, J.~V.~M. and {Cheedella}, S. and {Copin}, Y. and {Corrales}, L. and {Crichton}, D. and {D{\textquoteright}Avella}, D. and {Deil}, C. and {Depagne}, {\'E}. and {Dietrich}, J.~P. and {Donath}, A. and {Droettboom}, M. and {Earl}, N. and {Erben}, T. and {Fabbro}, S. and {Ferreira}, L.~A. and {Finethy}, T. and {Fox}, R.~T. and {Garrison}, L.~H. and {Gibbons}, S.~L.~J. and {Goldstein}, D.~A. and {Gommers}, R. and {Greco}, J.~P. and {Greenfield}, P. and {Groener}, A.~M. and {Grollier}, F. and {Hagen}, A. and {Hirst}, P. and {Homeier}, D. and {Horton}, A.~J. and {Hosseinzadeh}, G. and {Hu}, L. and {Hunkeler}, J.~S. and {Ivezi{\'c}}, {\v{Z}}. and {Jain}, A. and {Jenness}, T. and {Kanarek}, G. and {Kendrew}, S. and {Kern}, N.~S. and {Kerzendorf}, W.~E. and {Khvalko}, A. and {King}, J. and {Kirkby}, D. and {Kulkarni}, A.~M. and {Kumar}, A. and {Lee}, A. and {Lenz}, D. and {Littlefair}, S.~P. and {Ma}, Z. and {Macleod}, D.~M. and {Mastropietro}, M. and {McCully}, C. and {Montagnac}, S. and {Morris}, B.~M. and {Mueller}, M. and {Mumford}, S.~J. and {Muna}, D. and {Murphy}, N.~A. and {Nelson}, S. and {Nguyen}, G.~H. and {Ninan}, J.~P. and {N{\"o}the}, M. and {Ogaz}, S. and {Oh}, S. and {Parejko}, J.~K. and {Parley}, N. and {Pascual}, S. and {Patil}, R. and {Patil}, A.~A. and {Plunkett}, A.~L. and {Prochaska}, J.~X. and {Rastogi}, T. and {Reddy Janga}, V. and {Sabater}, J. and {Sakurikar}, P. and {Seifert}, M. and {Sherbert}, L.~E. and {Sherwood-Taylor}, H. and {Shih}, A.~Y. and {Sick}, J. and {Silbiger}, M.~T. and {Singanamalla}, S. and {Singer}, L.~P. and {Sladen}, P.~H. and {Sooley}, K.~A. and {Sornarajah}, S. and {Streicher}, O. and {Teuben}, P. and {Thomas}, S.~W. and {Tremblay}, G.~R. and {Turner}, J.~E.~H. and {Terr{\'o}n}, V. and {van Kerkwijk}, M.~H. and {de la Vega}, A. and {Watkins}, L.~L. and {Weaver}, B.~A. and {Whitmore}, J.~B. and {Woillez}, J. and {Zabalza}, V. and {Contributors}, (Astropy},
Doi = {10.3847/1538-3881/aabc4f},
Eid = {123},
Journal = {\aj},
Keywords = {methods: data analysis, methods: miscellaneous, methods: statistical, reference systems, Astrophysics - Instrumentation and Methods for Astrophysics},
Month = Sep,
Pages = {123},
Primaryclass = {astro-ph.IM},
Title = {{The Astropy Project: Building an Open-science Project and Status of the v2.0 Core Package}},
Volume = {156},
Year = 2018,
Bdsk-Url-1 = {https://doi.org/10.3847/1538-3881/aabc4f}}

@ARTICLE{torrespeimbert80,
       author = {{Torres-Peimbert}, S. and {Peimbert}, M. and {Daltabuit}, E.},
        title = "{IUE and visual observations of the Orion nebula and IC 418 : the carbon abundance.}",
      journal = {\apj},
     keywords = {Abundance, Carbon, Iue, Orion Nebula, Planetary Nebulae, Visual Observation, Ultraviolet Spectra, Astrophysics},
         year = 1980,
        month = may,
       volume = {238},
        pages = {133-139},
          doi = {10.1086/157966},
       adsurl = {https://ui.adsabs.harvard.edu/abs/1980ApJ...238..133T},
      adsnote = {Provided by the SAO/NASA Astrophysics Data System}
}

@ARTICLE{garciarojas19,
       author = {{Garc{\'\i}a-Rojas}, J. and {Wesson}, R. and {Boffin}, H.~M.~J. and
         {Jones}, D. and {Corradi}, R.~L.~M. and {Esteban}, C. and
         {Rodr{\'\i}guez-Gil}, P.},
        title = "{Latest advances in the abundance discrepancy problem in photoionized nebulae}",
      journal = {arXiv e-prints},
     keywords = {Astrophysics - Solar and Stellar Astrophysics, Astrophysics - Astrophysics of Galaxies},
         year = 2019,
        month = apr,
          eid = {arXiv:1904.06763},
        pages = {arXiv:1904.06763},
archivePrefix = {arXiv},
       eprint = {1904.06763},
 primaryClass = {astro-ph.SR},
       adsurl = {https://ui.adsabs.harvard.edu/abs/2019arXiv190406763G},
      adsnote = {Provided by the SAO/NASA Astrophysics Data System}
}


@ARTICLE{espiritu17,
       author = {{Esp{\'\i}ritu}, J.~N. and {Peimbert}, A. and {Delgado-Inglada}, G. and
         {Ruiz}, M.~T.},
        title = "{VLT spectroscopic analysis of HH 202. Implications on dust destruction and thermal inhomogeneities}",
      journal = {\rmxaa},
     keywords = {dust, extinction, Herbig-Haro objects, HII regions, ISM: abundances, Astrophysics - Astrophysics of Galaxies},
         year = 2017,
        month = apr,
       volume = {53},
        pages = {95-111},
archivePrefix = {arXiv},
       eprint = {1612.04925},
 primaryClass = {astro-ph.GA},
       adsurl = {https://ui.adsabs.harvard.edu/abs/2017RMxAA..53...95E},
      adsnote = {Provided by the SAO/NASA Astrophysics Data System}
}

@ARTICLE{wesson18,
       author = {{Wesson}, R. and {Jones}, D. and {Garc{\'\i}a-Rojas}, J. and
         {Boffin}, H.~M.~J. and {Corradi}, R.~L.~M.},
        title = "{Confirmation of the link between central star binarity and extreme abundance discrepancy factors in planetary nebulae}",
      journal = {\mnras},
     keywords = {circumstellar matter, stars: mass-loss, stars: winds, outflows, ISM: abundances, planetary nebulae: general, binaries: close, Astrophysics - Solar and Stellar Astrophysics, Astrophysics - Astrophysics of Galaxies},
         year = 2018,
        month = nov,
       volume = {480},
       number = {4},
        pages = {4589-4613},
          doi = {10.1093/mnras/sty1871},
archivePrefix = {arXiv},
       eprint = {1807.09272},
 primaryClass = {astro-ph.SR},
       adsurl = {https://ui.adsabs.harvard.edu/abs/2018MNRAS.480.4589W},
      adsnote = {Provided by the SAO/NASA Astrophysics Data System}
}

@ARTICLE{garciarojas15,
       author = {{Garc{\'\i}a-Rojas}, J. and {Madonna}, S. and {Luridiana}, V. and
         {Sterling}, N.~C. and {Morisset}, C. and {Delgado-Inglada}, G. and
         {Toribio San Cipriano}, L.},
        title = "{s-process enrichment in the planetary nebula NGC 3918. Results from deep echelle spectrophotometry}",
      journal = {\mnras},
     keywords = {stars: AGB and post-AGB, ISM: abundances, planetary nebulae: individual: NGC 3918, Astrophysics - Solar and Stellar Astrophysics},
         year = 2015,
        month = sep,
       volume = {452},
       number = {3},
        pages = {2606-2640},
          doi = {10.1093/mnras/stv1415},
archivePrefix = {arXiv},
       eprint = {1506.07079},
 primaryClass = {astro-ph.SR},
       adsurl = {https://ui.adsabs.harvard.edu/abs/2015MNRAS.452.2606G},
      adsnote = {Provided by the SAO/NASA Astrophysics Data System}
}



@ARTICLE{Masciadriyraga01,
       author = {{Masciadri}, E. and {Raga}, A.~C.},
        title = "{Optically thick Herbig-Haro jets in photoionized regions}",
      journal = {\aap},
     keywords = {ISM: HH OBJECTS, HYDRODYNAMICS, METHODS: NUMERICAL},
         year = 2001,
        month = sep,
       volume = {376},
        pages = {1073-1079},
          doi = {10.1051/0004-6361:20011052},
       adsurl = {https://ui.adsabs.harvard.edu/abs/2001A&A...376.1073M},
      adsnote = {Provided by the SAO/NASA Astrophysics Data System}
}

@ARTICLE{odellyhenney08,
       author = {{O'Dell}, C.~R. and {Henney}, W.~J.},
        title = "{High Spatial Velocity Features in the Orion Nebula,}",
      journal = {\aj},
     keywords = {H II regions, ISM: Herbig-Haro objects, ISM: individual: NGC 1976, stars: formation, stars: winds, outflows, Astrophysics},
         year = 2008,
        month = oct,
       volume = {136},
       number = {4},
        pages = {1566-1586},
          doi = {10.1088/0004-6256/136/4/1566},
archivePrefix = {arXiv},
       eprint = {0807.4189},
 primaryClass = {astro-ph},
       adsurl = {https://ui.adsabs.harvard.edu/abs/2008AJ....136.1566O},
      adsnote = {Provided by the SAO/NASA Astrophysics Data System}
}

@ARTICLE{bally00,
       author = {{Bally}, John and {O'Dell}, C.~R. and {McCaughrean}, Mark J.},
        title = "{Disks, Microjets, Windblown Bubbles, and Outflows in the Orion Nebula}",
      journal = {\aj},
     keywords = {ISM: Individual: Name: Orion Nebula, ISM: Jets and Outflows, Stars: Formation, Stars: Pre-Main-Sequence, Stars: Winds, Outflows},
         year = 2000,
        month = jun,
       volume = {119},
       number = {6},
        pages = {2919-2959},
          doi = {10.1086/301385},
       adsurl = {https://ui.adsabs.harvard.edu/abs/2000AJ....119.2919B},
      adsnote = {Provided by the SAO/NASA Astrophysics Data System}
}

@ARTICLE{ragayreipurth04,
       author = {{Raga}, A.~C. and {Reipurth}, B.},
        title = "{Herbig-Haro Jets Emerging from a Neutral Cloud into a H\raisebox{-0.5ex}\textasciitildeII region}",
      journal = {\rmxaa},
     keywords = {ISM: Herbig-Haro objects, ISM: Jets and outflows, ISM: kinematics and dynamics},
         year = 2004,
        month = apr,
       volume = {40},
        pages = {15-23},
       adsurl = {https://ui.adsabs.harvard.edu/abs/2004RMxAA..40...15R},
      adsnote = {Provided by the SAO/NASA Astrophysics Data System}
}


@ARTICLE{dyson84,
       author = {{Dyson}, J.~E.},
        title = "{The Interpretation of Flows in Molecular Clouds}",
      journal = {\apss},
     keywords = {Astrophysics, Infrared Spectra, Molecular Clouds, Stellar Winds, B Stars, Carbon Monoxide, Flow Distribution, Main Sequence Stars, Molecular Spectra, O Stars, Stellar Luminosity, Wind Velocity, Astrophysics},
         year = 1984,
        month = nov,
       volume = {106},
       number = {1},
        pages = {181-197},
          doi = {10.1007/BF00653925},
       adsurl = {https://ui.adsabs.harvard.edu/abs/1984Ap&SS.106..181D},
      adsnote = {Provided by the SAO/NASA Astrophysics Data System}
}

@INPROCEEDINGS{raga00_proc,
       author = {{Raga}, A.~C. and {L{\'o}pez-Mart{\'\i}n}, J. and {L{\'o}pez}, J.~A. and
         {Meaburn}, J.},
        title = "{The Theory of Photoionized Jets}",
    booktitle = {Revista Mexicana de Astronomia y Astrofisica Conference Series},
         year = 2000,
       editor = {{Arthur}, S.~J. and {Brickhouse}, N.~S. and {Franco}, J.},
       series = {Revista Mexicana de Astronomia y Astrofisica Conference Series},
       volume = {9},
        month = may,
        pages = {191-193},
       adsurl = {https://ui.adsabs.harvard.edu/abs/2000RMxAC...9..191R},
      adsnote = {Provided by the SAO/NASA Astrophysics Data System}
}

@ARTICLE{raga00_mnras,
       author = {{Raga}, A. and {L{\'o}pez-Mart{\'\i}n}, L. and {Binette}, L. and
         {L{\'o}pez}, J.~A. and {Cant{\'o}}, J. and {Arthur}, S.~J. and
         {Mellema}, G. and {Steffen}, W. and {Ferruit}, P.},
        title = "{The emergence of a neutral Herbig-Haro jet into a photoionized nebula}",
      journal = {\mnras},
     keywords = {HYDRODYNAMICS, STARS: FORMATION, HII REGIONS, ISM: JETS AND OUTFLOWS},
         year = 2000,
        month = jun,
       volume = {314},
       number = {4},
        pages = {681-688},
          doi = {10.1046/j.1365-8711.2000.03308.x},
       adsurl = {https://ui.adsabs.harvard.edu/abs/2000MNRAS.314..681R},
      adsnote = {Provided by the SAO/NASA Astrophysics Data System}
}


@ARTICLE{musemusemuseM42,
       author = {{Weilbacher}, Peter M. and {Monreal-Ibero}, Ana and
         {Kollatschny}, Wolfram and {Ginsburg}, Adam and {McLeod}, Anna F. and
         {Kamann}, Sebastian and {Sandin}, Christer and {Palsa}, Ralf and
         {Wisotzki}, Lutz and {Bacon}, Roland and {Selman}, Fernando and
         {Brinchmann}, Jarle and {Caruana}, Joseph and {Kelz}, Andreas and
         {Martinsson}, Thomas and {P{\'e}contal-Rousset}, Arlette and
         {Richard}, Johan and {Wendt}, Martin},
        title = "{A MUSE map of the central Orion Nebula (M 42)}",
      journal = {\aap},
     keywords = {Hiiregions, ISM: individual objects: M 42, open clusters and associations: individual: Trapezium cluster, Astrophysics - Astrophysics of Galaxies},
         year = 2015,
        month = oct,
       volume = {582},
          eid = {A114},
        pages = {A114},
          doi = {10.1051/0004-6361/201526529},
archivePrefix = {arXiv},
       eprint = {1507.00006},
 primaryClass = {astro-ph.GA},
       adsurl = {https://ui.adsabs.harvard.edu/abs/2015A&A...582A.114W},
      adsnote = {Provided by the SAO/NASA Astrophysics Data System}
}


@ARTICLE{henney96,
       author = {{Henney}, W.~J.},
        title = "{Emission line images and spectra of asymmetric bowshocks.}",
      journal = {\rmxaa},
     keywords = {Hydrodynamics, ISM-Individual (HH 1), ISM: Jets and Outflows, ISM: Line-Profiles},
         year = 1996,
        month = apr,
       volume = {32},
        pages = {3},
       adsurl = {https://ui.adsabs.harvard.edu/abs/1996RMxAA..32....3H},
      adsnote = {Provided by the SAO/NASA Astrophysics Data System}
}

@ARTICLE{ragaybiro93,
       author = {{Raga}, A.~C. and {Biro}, S.},
        title = "{Machine-gun jets from time-dependent sources.}",
      journal = {\mnras},
     keywords = {hydrodynamics - shock waves - ISM: jets and oufflows - galaxies: jets},
         year = 1993,
        month = oct,
       volume = {264},
        pages = {758-768},
          doi = {10.1093/mnras/264.3.758},
       adsurl = {https://ui.adsabs.harvard.edu/abs/1993MNRAS.264..758R},
      adsnote = {Provided by the SAO/NASA Astrophysics Data System}
}

@ARTICLE{smith05,
       author = {{Smith}, Nathan and {Bally}, John and {Shuping}, Ralph Y. and
         {Morris}, Mark and {Kassis}, Marc},
        title = "{Thermal Dust Emission from Proplyds, Unresolved Disks, and Shocks in the Orion Nebula}",
      journal = {\aj},
     keywords = {H II regions, ISM: Herbig-Haro Objects, ISM: Jets and Outflows, Stars: Planetary Systems: Protoplanetary Disks, Stars: Formation, Stars: Pre-Main-Sequence, Astrophysics},
         year = 2005,
        month = oct,
       volume = {130},
       number = {4},
        pages = {1763-1777},
          doi = {10.1086/432912},
archivePrefix = {arXiv},
       eprint = {astro-ph/0506445},
 primaryClass = {astro-ph},
       adsurl = {https://ui.adsabs.harvard.edu/abs/2005AJ....130.1763S},
      adsnote = {Provided by the SAO/NASA Astrophysics Data System}
}



@ARTICLE{mouri00,
       author = {{Mouri}, Hideaki and {Taniguchi}, Yoshiaki},
        title = "{Grain Survival in Supernova Remnants and Herbig-Haro Objects}",
      journal = {\apjl},
     keywords = {ISM: DUST, EXTINCTION, ISM: ABUNDANCES, SHOCK WAVES, ISM: SUPERNOVA REMNANTS, Astrophysics},
         year = 2000,
        month = may,
       volume = {534},
       number = {1},
        pages = {L63-L66},
          doi = {10.1086/312633},
archivePrefix = {arXiv},
       eprint = {astro-ph/0003170},
 primaryClass = {astro-ph},
       adsurl = {https://ui.adsabs.harvard.edu/abs/2000ApJ...534L..63M},
      adsnote = {Provided by the SAO/NASA Astrophysics Data System}
}

@ARTICLE{jones94,
       author = {{Jones}, A.~P. and {Tielens}, A.~G.~G.~M. and {Hollenbach}, D.~J. and
         {McKee}, C.~F.},
        title = "{Grain Destruction in Shocks in the Interstellar Medium}",
      journal = {\apj},
     keywords = {Astronomical Models, Cosmic Dust, Particle Collisions, Shock Waves, Sputtering, Supernovae, Vaporizing, Carbonaceous Materials, Ice, Iron, Numerical Analysis, Porous Materials, Silicates, Silicon Carbides, Astrophysics, ISM: DUST, EXTINCTION, SHOCK WAVES, STARS: SUPERNOVAE: GENERAL},
         year = 1994,
        month = oct,
       volume = {433},
        pages = {797},
          doi = {10.1086/174689},
       adsurl = {https://ui.adsabs.harvard.edu/abs/1994ApJ...433..797J},
      adsnote = {Provided by the SAO/NASA Astrophysics Data System}
}

@ARTICLE{mesadelgado08,
       author = {{Mesa-Delgado}, Adal and {Esteban}, C{\'e}sar and
         {Garc{\'\i}a-Rojas}, Jorge},
        title = "{Small-Scale Behavior of the Physical Conditions and the Abundance Discrepancy in the Orion Nebula}",
      journal = {\apj},
     keywords = {H II regions, ISM: abundances, ISM: individual: Orion Nebula, Astrophysics},
         year = 2008,
        month = mar,
       volume = {675},
       number = {1},
        pages = {389-404},
          doi = {10.1086/524296},
archivePrefix = {arXiv},
       eprint = {0710.1285},
 primaryClass = {astro-ph},
       adsurl = {https://ui.adsabs.harvard.edu/abs/2008ApJ...675..389M},
      adsnote = {Provided by the SAO/NASA Astrophysics Data System}
}


@ARTICLE{liu01,
       author = {{Liu}, X. -W. and {Luo}, S. -G. and {Barlow}, M.~J. and
         {Danziger}, I.~J. and {Storey}, P.~J.},
        title = "{Chemical abundances of planetary nebulae from optical recombination lines - III. The Galactic bulge PN M 1-42 and M 2-36}",
      journal = {\mnras},
     keywords = {ISM: ABUNDANCES, PLANETARY NEBULAE: INDIVIDUAL: M 1-42, PLANETARY NEBULAE: INDIVIDUAL: M 2-36},
         year = 2001,
        month = oct,
       volume = {327},
       number = {1},
        pages = {141-168},
          doi = {10.1046/j.1365-8711.2001.04676.x},
       adsurl = {https://ui.adsabs.harvard.edu/abs/2001MNRAS.327..141L},
      adsnote = {Provided by the SAO/NASA Astrophysics Data System}
}

@ARTICLE{tsamis11,
       author = {{Tsamis}, Y.~G. and {Walsh}, J.~R. and {V{\'\i}lchez}, J.~M. and
         {P{\'e}quignot}, D.},
        title = "{Chemical abundances in the protoplanetary disc LV 2 (Orion): clues to the causes of the abundance anomaly in H II regions}",
      journal = {\mnras},
     keywords = {planets and satellites: general, protoplanetary discs, stars: pre-main-sequence, stars: protostars, ISM: abundances, H II regions, ISM: individual objects: LV2, ISM: individual objects: 167-317, ISM: individual objects: Orion nebula, Astrophysics - Astrophysics of Galaxies},
         year = 2011,
        month = apr,
       volume = {412},
       number = {2},
        pages = {1367-1380},
          doi = {10.1111/j.1365-2966.2010.17991.x},
archivePrefix = {arXiv},
       eprint = {1009.4783},
 primaryClass = {astro-ph.GA},
       adsurl = {https://ui.adsabs.harvard.edu/abs/2011MNRAS.412.1367T},
      adsnote = {Provided by the SAO/NASA Astrophysics Data System}
}






@ARTICLE{nicholls12,
       author = {{Nicholls}, David C. and {Dopita}, Michael A. and {Sutherland}, Ralph S.},
        title = "{Resolving the Electron Temperature Discrepancies in H II Regions and Planetary Nebulae: {\ensuremath{\kappa}}-distributed Electrons}",
      journal = {\apj},
     keywords = {acceleration of particles, atomic data, atomic processes, H II regions, ISM: abundances, planetary nebulae: general, plasmas, Astrophysics - Galaxy Astrophysics},
         year = 2012,
        month = jun,
       volume = {752},
       number = {2},
          eid = {148},
        pages = {148},
          doi = {10.1088/0004-637X/752/2/148},
archivePrefix = {arXiv},
       eprint = {1204.3880},
 primaryClass = {astro-ph.GA},
       adsurl = {https://ui.adsabs.harvard.edu/abs/2012ApJ...752..148N},
      adsnote = {Provided by the SAO/NASA Astrophysics Data System}
}


@ARTICLE{stasinska07,
       author = {{Stasi{\'n}ska}, G. and {Tenorio-Tagle}, G. and {Rodr{\'\i}guez}, M. and
         {Henney}, W.~J.},
        title = "{Enrichment of the interstellar medium by metal-rich droplets and the abundance bias in H ii regions}",
      journal = {\aap},
     keywords = {galaxies: abundances, galaxies: ISM, ISM: abundances, ISM: H ii regions, Astrophysics},
         year = 2007,
        month = aug,
       volume = {471},
       number = {1},
        pages = {193-204},
          doi = {10.1051/0004-6361:20065675},
archivePrefix = {arXiv},
       eprint = {0706.1225},
 primaryClass = {astro-ph},
       adsurl = {https://ui.adsabs.harvard.edu/abs/2007A&A...471..193S},
      adsnote = {Provided by the SAO/NASA Astrophysics Data System}
}


@article{kunthsargent83,
	Adsnote = {Provided by the SAO/NASA Astrophysics Data System},
	Adsurl = {https://ui.adsabs.harvard.edu/abs/1983ApJ...273...81K},
	Author = {{Kunth}, D. and {Sargent}, W.~L.~W.},
	Date-Added = {2019-10-24 15:02:15 +0100},
	Date-Modified = {2019-10-24 15:02:24 +0100},
	Doi = {10.1086/161350},
	Journal = {\apj},
	Keywords = {Abundance, Galactic Evolution, Nuclear Fusion, Spectrophotometry, Dwarf Galaxies, Emission Spectra, Helium, Line Spectra, Stellar Evolution, Astrophysics},
	Month = {Oct},
	Pages = {81-98},
	Title = {{Spectrophotometry of 12 metal-poor galaxies : implications for the primordial helium abundance.}},
	Volume = {273},
	Year = {1983},
	Bdsk-Url-1 = {https://doi.org/10.1086/161350}}


@article{delgadoingladaetal14,
	Adsnote = {Provided by the SAO/NASA Astrophysics Data System},
	Adsurl = {http://adsabs.harvard.edu/abs/2014MNRAS.440..536D},
	Archiveprefix = {arXiv},
	Author = {{Delgado-Inglada}, G. and {Morisset}, C. and {Stasi{\'n}ska}, G.},
	Doi = {10.1093/mnras/stu341},
	Eprint = {1402.4852},
	Journal = mnras,
	Keywords = {ISM: abundances, planetary nebulae: general, galaxies: abundances, galaxies: ISM},
	Month = may,
	Pages = {536-554},
	Primaryclass = {astro-ph.SR},
	Title = {{Ionization correction factors for planetary nebulae - I. Using optical spectra}},
	Volume = {440},
	Year = {2014},
	Bdsk-Url-1 = {https://doi.org/10.1093/mnras/stu341}}
	
	@ARTICLE{liu00,
       author = {{Liu}, X. -W. and {Storey}, P.~J. and {Barlow}, M.~J. and
         {Danziger}, I.~J. and {Cohen}, M. and {Bryce}, M.},
        title = "{NGC 6153: a super-metal-rich planetary nebula?}",
      journal = {\mnras},
     keywords = {ISM: ABUNDANCES, PLANETARY NEBULAE: INDIVIDUAL: NGC 6153},
         year = 2000,
        month = mar,
       volume = {312},
       number = {3},
        pages = {585-628},
          doi = {10.1046/j.1365-8711.2000.03167.x},
       adsurl = {https://ui.adsabs.harvard.edu/abs/2000MNRAS.312..585L},
      adsnote = {Provided by the SAO/NASA Astrophysics Data System}
}




@ARTICLE{BBQ10,
       author = {{Bautista}, Manuel A. and {Ballance}, Connor P. and {Quinet}, Pascal},
        title = "{Atomic Data and Spectral Model for Fe III}",
      journal = {\apjl},
     keywords = {atomic data, circumstellar matter, H II regions, ISM: atoms, quasars: absorption lines, quasars: emission lines, Physics - Atomic Physics, Astrophysics - Cosmology and Nongalactic Astrophysics, Astrophysics - Astrophysics of Galaxies, Astrophysics - Solar and Stellar Astrophysics},
         year = 2010,
        month = aug,
       volume = {718},
       number = {2},
        pages = {L189-L193},
          doi = {10.1088/2041-8205/718/2/L189},
archivePrefix = {arXiv},
       eprint = {1007.1960},
 primaryClass = {physics.atom-ph},
       adsurl = {https://ui.adsabs.harvard.edu/abs/2010ApJ...718L.189B},
      adsnote = {Provided by the SAO/NASA Astrophysics Data System}
}

@ARTICLE{Nahar96,
       author = {{Nahar}, S.~N. and {Pradhan}, A.~K.},
        title = "{Atomic data from the Iron Project. XVII. Radiative transition probabilities for dipole allowed and forbidden transitions in Fe III.}",
      journal = {\aaps},
     keywords = {ATOMIC DATA, PLASMAS, ULTRAVIOLET: GENERAL, INFRARED: GENERAL, OPTICAL},
         year = 1996,
        month = nov,
       volume = {119},
        pages = {509-522},
       adsurl = {https://ui.adsabs.harvard.edu/abs/1996A&AS..119..509N},
      adsnote = {Provided by the SAO/NASA Astrophysics Data System}
}


@ARTICLE{mendez2021,
       author = {{M{\'e}ndez-Delgado}, J.~E. and {Esteban}, C. and {Garc{\'\i}a-Rojas}, J. and {Henney}, W.~J. and {Mesa-Delgado}, A. and {Arellano-C{\'o}rdova}, K.~Z.},
        title = "{Photoionized Herbig-Haro objects in the Orion Nebula through deep high-spectral resolution spectroscopy - I. HH 529 II and III}",
      journal = {\mnras},
     keywords = {ISM: abundances, Herbig-Haro objects, ISM: individual objects: Orion Nebula, ISM: individual objects: HH 529 II, ISM: individual objects: HH 529 III, Astrophysics - Astrophysics of Galaxies, Astrophysics - Solar and Stellar Astrophysics},
         year = 2021,
        month = apr,
       volume = {502},
       number = {2},
        pages = {1703-1739},
          doi = {10.1093/mnras/stab068},
archivePrefix = {arXiv},
       eprint = {2101.02191},
 primaryClass = {astro-ph.GA},
       adsurl = {https://ui.adsabs.harvard.edu/abs/2021MNRAS.502.1703M},
      adsnote = {Provided by the SAO/NASA Astrophysics Data System}
}




@ARTICLE{mendez2021-2,
       author = {{M{\'e}ndez-Delgado}, J.~E. and {Esteban}, C. and {Garc{\'\i}a-Rojas}, J. and {Henney}, W.~J. and {Mesa-Delgado}, A. and {Arellano-C{\'o}rdova}, K.~Z.},
        title = "{Photoionized Herbig-Haro objects in the Orion Nebula through deep high-spectral resolution spectroscopy - II. HH 204}",
      journal = {\mnras},
     keywords = {ISM: abundances, Herbig-Haro objects, ISM: individual objects: Orion Nebula, ISM: individual objects: HH 204, Astrophysics - Astrophysics of Galaxies, Astrophysics - Solar and Stellar Astrophysics},
         year = 2021}
         
         





@ARTICLE{garciarojas06,
       author = {{Garc{\'\i}a-Rojas}, J. and {Esteban}, C. and {Peimbert}, M. and {Costado}, M.~T. and {Rodr{\'\i}guez}, M. and {Peimbert}, A. and {Ruiz}, M.~T.},
        title = "{Faint emission lines in the Galactic HII regions M16, M20 and NGC 3603$^{*}$}",
      journal = {\mnras},
     keywords = {ISM: abundances, HII regions, ISM: individual: M16, ISM: individual: M20, ISM: individual: NGC 3603, Astrophysics},
         year = 2006,
        month = may,
       volume = {368},
       number = {1},
        pages = {253-279},
          doi = {10.1111/j.1365-2966.2006.10105.x},
archivePrefix = {arXiv},
       eprint = {astro-ph/0601595},
 primaryClass = {astro-ph},
       adsurl = {https://ui.adsabs.harvard.edu/abs/2006MNRAS.368..253G},
      adsnote = {Provided by the SAO/NASA Astrophysics Data System}
}




@ARTICLE{Sharpee03,
       author = {{Sharpee}, Brian and {Williams}, Robert and {Baldwin}, Jack A. and {van Hoof}, Peter A.~M.},
        title = "{Introducing EMILI: Computer-aided Emission Line Identification}",
      journal = {\apjs},
     keywords = {Line: Identification, Methods: Data Analysis, ISM: Planetary Nebulae: Individual: Alphanumeric: IC 418, Astrophysics},
         year = 2003,
        month = nov,
       volume = {149},
       number = {1},
        pages = {157-187},
          doi = {10.1086/378321},
archivePrefix = {arXiv},
       eprint = {astro-ph/0307053},
 primaryClass = {astro-ph},
       adsurl = {https://ui.adsabs.harvard.edu/abs/2003ApJS..149..157S},
      adsnote = {Provided by the SAO/NASA Astrophysics Data System}
}



@ARTICLE{garciarojas12,
       author = {{Garc{\'\i}a-Rojas}, J. and {Pe{\~n}a}, M. and {Morisset}, C. and {Mesa-Delgado}, A. and {Ruiz}, M.~T.},
        title = "{Analysis of chemical abundances in planetary nebulae with [WC] central stars. I. Line intensities and physical conditions}",
      journal = {\aap},
     keywords = {stars: AGB and post-AGB, ISM: abundances, planetary nebulae: general, line: identification, Astrophysics - Astrophysics of Galaxies},
         year = 2012,
        month = feb,
       volume = {538},
          eid = {A54},
        pages = {A54},
          doi = {10.1051/0004-6361/201118217},
archivePrefix = {arXiv},
       eprint = {1111.4992},
 primaryClass = {astro-ph.GA},
       adsurl = {https://ui.adsabs.harvard.edu/abs/2012A&A...538A..54G},
      adsnote = {Provided by the SAO/NASA Astrophysics Data System}
}

@ARTICLE{Esteban13,
       author = {{Esteban}, C. and {Carigi}, L. and {Copetti}, M.~V.~F. and {Garc{\'\i}a-Rojas}, J. and {Mesa-Delgado}, A. and {Casta{\~n}eda}, H.~O. and {P{\'e}quignot}, D.},
        title = "{NGC 2579 and the carbon and oxygen abundance gradients beyond the solar circle}",
      journal = {\mnras},
     keywords = {ISM: abundances, H II regions, ISM: individual objects: NGC 2579, Galaxy: abundances, Galaxy: evolution, Astrophysics - Astrophysics of Galaxies},
         year = 2013,
        month = jul,
       volume = {433},
       number = {1},
        pages = {382-393},
          doi = {10.1093/mnras/stt730},
archivePrefix = {arXiv},
       eprint = {1304.6927},
 primaryClass = {astro-ph.GA},
       adsurl = {https://ui.adsabs.harvard.edu/abs/2013MNRAS.433..382E},
      adsnote = {Provided by the SAO/NASA Astrophysics Data System}
}



@ARTICLE{Vital18,
       author = {{Fern{\'a}ndez}, Vital and {Terlevich}, Elena and {D{\'\i}az}, Angeles I. and {Terlevich}, Roberto and {Rosales-Ortega}, F.~F.},
        title = "{Primordial helium abundance determination using sulphur as metallicity tracer}",
      journal = {\mnras},
     keywords = {ISM:H II regions, ISM:abundances, cosmology:primordial nucleosynthesis, Astrophysics - Astrophysics of Galaxies},
         year = 2018,
        month = aug,
       volume = {478},
       number = {4},
        pages = {5301-5319},
          doi = {10.1093/mnras/sty1206},
archivePrefix = {arXiv},
       eprint = {1804.10701},
 primaryClass = {astro-ph.GA},
       adsurl = {https://ui.adsabs.harvard.edu/abs/2018MNRAS.478.5301F},
      adsnote = {Provided by the SAO/NASA Astrophysics Data System}
}


@ARTICLE{Binette2012,
       author = {{Binette}, L. and {Matadamas}, R. and {H{\"a}gele}, G.~F. and {Nicholls}, D.~C. and {Magris C.}, G. and {Pe{\~n}a-Guerrero}, M. {\'A}. and {Morisset}, C. and {Rodr{\'\i}guez-Gonz{\'a}lez}, A.},
        title = "{Discrepancies between the [O iii] and [S iii] temperatures in H ii regions}",
      journal = {\aap},
     keywords = {HII regions, ISM: lines and bands, shock waves, line: formation, Astrophysics - Galaxy Astrophysics},
         year = 2012,
        month = nov,
       volume = {547},
          eid = {A29},
        pages = {A29},
          doi = {10.1051/0004-6361/201219515},
archivePrefix = {arXiv},
       eprint = {1209.0808},
 primaryClass = {astro-ph.GA},
       adsurl = {https://ui.adsabs.harvard.edu/abs/2012A&A...547A..29B},
      adsnote = {Provided by the SAO/NASA Astrophysics Data System}
}


@ARTICLE{Bautista96,
       author = {{Bautista}, Manuel A. and {Peng}, Jianfang and {Pradhan}, Anil K.},
        title = "{Excitation of [Ni II] and [Fe II] Lines in Gaseous Nebulae}",
      journal = {\apj},
     keywords = {ATOMIC PROCESSES, STARS: CIRCUMSTELLAR MATTER, ISM: H II REGIONS, ISM: ABUNDANCES, ISM: SUPERNOVA REMNANTS},
         year = 1996,
        month = mar,
       volume = {460},
        pages = {372},
          doi = {10.1086/176976},
       adsurl = {https://ui.adsabs.harvard.edu/abs/1996ApJ...460..372B},
      adsnote = {Provided by the SAO/NASA Astrophysics Data System}
}


@ARTICLE{Hanuschik03,
       author = {{Hanuschik}, R.~W.},
        title = "{A flux-calibrated, high-resolution atlas of optical sky emission from UVES}",
      journal = {\aap},
     keywords = {line: identification, atomic data, atmospheric effects, atlases, techniques: spectroscopic},
         year = 2003,
        month = sep,
       volume = {407},
        pages = {1157-1164},
          doi = {10.1051/0004-6361:20030885},
       adsurl = {https://ui.adsabs.harvard.edu/abs/2003A&A...407.1157H},
      adsnote = {Provided by the SAO/NASA Astrophysics Data System}
}


@ARTICLE{Amayo2021,
       author = {{Amayo}, A. and {Delgado-Inglada}, G. and {Stasi{\'n}ska}, G.},
        title = "{Ionization correction factors and dust depletion patterns in giant H II regions}",
      journal = {\mnras},
     keywords = {ISM: abundances, ISM: dust, H II regions, galaxies: ISM, Astrophysics - Astrophysics of Galaxies},
         year = 2021,
        month = aug,
       volume = {505},
       number = {2},
        pages = {2361-2376},
          doi = {10.1093/mnras/stab1467},
archivePrefix = {arXiv},
       eprint = {2105.08891},
 primaryClass = {astro-ph.GA},
       adsurl = {https://ui.adsabs.harvard.edu/abs/2021MNRAS.505.2361A},
      adsnote = {Provided by the SAO/NASA Astrophysics Data System}
}

@ARTICLE{arellanocordova2020,
       author = {{Arellano-C{\'o}rdova}, K.~Z. and {Esteban}, C. and {Garc{\'\i}a-Rojas}, J. and {M{\'e}ndez-Delgado}, J.~E.},
        title = "{The Galactic radial abundance gradients of C, N, O, Ne, S, Cl, and Ar from deep spectra of H II regions}",
      journal = {\mnras},
     keywords = {H ii regions, Galaxy: abundances, ISM: abundances, Galaxy: disc, Astrophysics - Astrophysics of Galaxies},
         year = 2020,
        month = aug,
       volume = {496},
       number = {2},
        pages = {1051-1076},
          doi = {10.1093/mnras/staa1523},
archivePrefix = {arXiv},
       eprint = {2005.11372},
 primaryClass = {astro-ph.GA},
       adsurl = {https://ui.adsabs.harvard.edu/abs/2020MNRAS.496.1051A},
      adsnote = {Provided by the SAO/NASA Astrophysics Data System}
}

@ARTICLE{Juan-de-Dios17,
       author = {{Juan de Dios}, Leticia and {Rodr{\'\i}guez}, M{\'o}nica},
        title = "{The impact of atomic data selection on nebular abundance determinations}",
      journal = {\mnras},
     keywords = {atomic data, H $\lt$sc$\gt$II$\lt$/sc$\gt$ regions, planetary nebulae: general, Astrophysics - Astrophysics of Galaxies},
         year = 2017,
        month = jul,
       volume = {469},
       number = {1},
        pages = {1036-1053},
          doi = {10.1093/mnras/stx916},
archivePrefix = {arXiv},
       eprint = {1704.06009},
 primaryClass = {astro-ph.GA},
       adsurl = {https://ui.adsabs.harvard.edu/abs/2017MNRAS.469.1036J},
      adsnote = {Provided by the SAO/NASA Astrophysics Data System}
}

@ARTICLE{FFTI06,
       author = {{Froese Fischer}, Charlotte and {Tachiev}, Georgio and {Irimia}, Andrei},
        title = "{Relativistic energy levels, lifetimes, and transition probabilities for the sodium-like to argon-like sequences}",
      journal = {Atomic Data and Nuclear Data Tables},
         year = 2006,
        month = sep,
       volume = {92},
       number = {5},
        pages = {607-812},
          doi = {10.1016/j.adt.2006.03.001},
       adsurl = {https://ui.adsabs.harvard.edu/abs/2006ADNDT..92..607F},
      adsnote = {Provided by the SAO/NASA Astrophysics Data System}
}

@ARTICLE{LL93,
       author = {{LaJohn}, L. and {Luke}, T.~M.},
        title = "{Calculation of spin forbidden decay rates of the 3s3p$^{3 5}$S$^{0}_{2}$ level in the Si isoelectronic sequence for 15 <= Z <= 30}",
      journal = {\physscr},
         year = 1993,
        month = apr,
       volume = {47},
       number = {4},
        pages = {542-545},
          doi = {10.1088/0031-8949/47/4/011},
       adsurl = {https://ui.adsabs.harvard.edu/abs/1993PhyS...47..542L},
      adsnote = {Provided by the SAO/NASA Astrophysics Data System}
}

@ARTICLE{HSC95,
       author = {{Heise}, Claas and {Smith}, Peter L. and {Calamai}, Anthony G.},
        title = "{Transition Probabilities for the 3it S 23p 2 3P 2,1--3 s3p 3 5S it O 2 Intersystem Lines of S III}",
      journal = {\apjl},
     keywords = {ATOMIC DATA},
         year = 1995,
        month = sep,
       volume = {451},
        pages = {L41},
          doi = {10.1086/309676},
       adsurl = {https://ui.adsabs.harvard.edu/abs/1995ApJ...451L..41H},
      adsnote = {Provided by the SAO/NASA Astrophysics Data System}
}

@ARTICLE{MZ82b,
       author = {{Mendoza}, C. and {Zeippen}, C.~J.},
        title = "{Transition probabilities for forbidden lines in the 3p$^{2}$ configuration -II.}",
      journal = {\mnras},
     keywords = {Atomic Structure, Forbidden Transitions, Ions, Isoelectronic Sequence, Transition Probabilities, Configuration Interaction, Magnetic Dipoles, Relativity, Wave Functions, Atomic and Molecular Physics, Atomic Processes:Transition Probabilities, Forbidden Lines:Transition Probabilities},
         year = 1982,
        month = jun,
       volume = {199},
        pages = {1025-1032},
          doi = {10.1093/mnras/199.4.1025},
       adsurl = {https://ui.adsabs.harvard.edu/abs/1982MNRAS.199.1025M},
      adsnote = {Provided by the SAO/NASA Astrophysics Data System}
}


@ARTICLE{KS86,
       author = {{Kaufman}, Victor and {Sugar}, Jack},
        title = "{Forbidden Lines in ns$^{2}$np$^{k}$ Ground Configurations and nsnp Excited Configurations of Beryllium through Molybdenum Atoms and Ions}",
      journal = {Journal of Physical and Chemical Reference Data},
         year = 1986,
        month = jan,
       volume = {15},
       number = {1},
        pages = {321-426},
          doi = {10.1063/1.555775},
       adsurl = {https://ui.adsabs.harvard.edu/abs/1986JPCRD..15..321K},
      adsnote = {Provided by the SAO/NASA Astrophysics Data System}
}


@ARTICLE{TZS19,
       author = {{Tayal}, S.~S. and {Zatsarinny}, O. and {Sossah}, A.~M.},
        title = "{Collision and Radiative Rates for Infrared to Extreme Ultraviolet Lines of S III}",
      journal = {\apjs},
     keywords = {atomic data, atomic processes, H ii regions, planetary systems, plasmas, scattering},
         year = 2019,
        month = may,
       volume = {242},
       number = {1},
          eid = {9},
        pages = {9},
          doi = {10.3847/1538-4365/ab17e1},
       adsurl = {https://ui.adsabs.harvard.edu/abs/2019ApJS..242....9T},
      adsnote = {Provided by the SAO/NASA Astrophysics Data System}
}

@ARTICLE{Chianti10,
       author = {{Del Zanna}, G. and {Dere}, K.~P. and {Young}, P.~R. and {Landi}, E.},
        title = "{CHIANTI{\textemdash}An Atomic Database for Emission Lines. XVI. Version 10, Further Extensions}",
      journal = {\apj},
     keywords = {Atomic spectroscopy, Line intensities, Atomic data benchmarking, Atomic physics, Collision processes, 2099, 2084, 2064, 2063, 2065, Physics - Atomic Physics, Astrophysics - Solar and Stellar Astrophysics},
         year = 2021,
        month = mar,
       volume = {909},
       number = {1},
          eid = {38},
        pages = {38},
          doi = {10.3847/1538-4357/abd8ce},
archivePrefix = {arXiv},
       eprint = {2011.05211},
 primaryClass = {physics.atom-ph},
       adsurl = {https://ui.adsabs.harvard.edu/abs/2021ApJ...909...38D},
      adsnote = {Provided by the SAO/NASA Astrophysics Data System}
}

@ARTICLE{Tayal97,
       author = {{Tayal}, S.~S.},
        title = "{Oscillator Strengths for Fine-Structure Transitions in S III}",
      journal = {Atomic Data and Nuclear Data Tables},
         year = 1997,
        month = jan,
       volume = {67},
        pages = {331},
          doi = {10.1006/adnd.1997.0753},
       adsurl = {https://ui.adsabs.harvard.edu/abs/1997ADNDT..67..331T},
      adsnote = {Provided by the SAO/NASA Astrophysics Data System}
}

@ARTICLE{Hudson12,
       author = {{Hudson}, C.~E. and {Ramsbottom}, C.~A. and {Scott}, M.~P.},
        title = "{Collision Strengths and Effective Collision Strengths for Transitions within the Ground-state Configuration of S III}",
      journal = {\apj},
     keywords = {atomic data, atomic processes},
         year = 2012,
        month = may,
       volume = {750},
       number = {1},
          eid = {65},
        pages = {65},
          doi = {10.1088/0004-637X/750/1/65},
       adsurl = {https://ui.adsabs.harvard.edu/abs/2012ApJ...750...65H},
      adsnote = {Provided by the SAO/NASA Astrophysics Data System}
}

@ARTICLE{GMZ95,
       author = {{Galavis}, M.~E. and {Mendoza}, C. and {Zeippen}, C.~J.},
        title = "{Atomic data from the IRON Project. X. Effective collision strengths for infrared transitions in silicon- and sulphur-like ions.}",
      journal = {\aaps},
     keywords = {ATOMIC AND MOLECULAR DATA, INFRARED: GENERAL},
         year = 1995,
        month = jun,
       volume = {111},
        pages = {347},
       adsurl = {https://ui.adsabs.harvard.edu/abs/1995A&AS..111..347G},
      adsnote = {Provided by the SAO/NASA Astrophysics Data System}
}

@ARTICLE{TG99,
       author = {{Tayal}, S.~S. and {Gupta}, G.~P.},
        title = "{Collision Strengths for Electron Collision Excitation of Fine-Structure Levels in S III}",
      journal = {\apj},
     keywords = {ATOMIC DATA, ATOMIC PROCESSES, Atomic Data, Atomic Processes},
         year = 1999,
        month = nov,
       volume = {526},
       number = {1},
        pages = {544-548},
          doi = {10.1086/307971},
       adsurl = {https://ui.adsabs.harvard.edu/abs/1999ApJ...526..544T},
      adsnote = {Provided by the SAO/NASA Astrophysics Data System}
}

@ARTICLE{HRS12,
       author = {{Hudson}, C.~E. and {Ramsbottom}, C.~A. and {Scott}, M.~P.},
        title = "{Collision Strengths and Effective Collision Strengths for Transitions within the Ground-state Configuration of S III}",
      journal = {\apj},
     keywords = {atomic data, atomic processes},
         year = 2012,
        month = may,
       volume = {750},
       number = {1},
          eid = {65},
        pages = {65},
          doi = {10.1088/0004-637X/750/1/65},
       adsurl = {https://ui.adsabs.harvard.edu/abs/2012ApJ...750...65H},
      adsnote = {Provided by the SAO/NASA Astrophysics Data System}
}

@ARTICLE{GRHK14,
       author = {{Grieve}, M.~F.~R. and {Ramsbottom}, C.~A. and {Hudson}, C.~E. and {Keenan}, F.~P.},
        title = "{Electron-impact Excitation Collision Strengths and Theoretical Line Intensities for Transitions in S III}",
      journal = {\apj},
     keywords = {atomic data, atomic processes, planets and satellites: individual: Io Jupiter, plasmas, scattering, ultraviolet: planetary systems, Astrophysics - Solar and Stellar Astrophysics},
         year = 2014,
        month = jan,
       volume = {780},
       number = {1},
          eid = {110},
        pages = {110},
          doi = {10.1088/0004-637X/780/1/110},
archivePrefix = {arXiv},
       eprint = {1308.0241},
 primaryClass = {astro-ph.SR},
       adsurl = {https://ui.adsabs.harvard.edu/abs/2014ApJ...780..110G},
      adsnote = {Provided by the SAO/NASA Astrophysics Data System}
}



@ARTICLE{Hartigan87,
       author = {{Hartigan}, Patrick and {Raymond}, John and {Hartmann}, Lee},
        title = "{Radiative Bow Shock Models of Herbig-Haro Objects}",
      journal = {\apj},
     keywords = {Bow Waves, Herbig-Haro Objects, Radiative Transfer, Shock Wave Propagation, Stellar Models, Energy Transfer, Line Spectra, Plane Waves, Propagation Velocity, Radial Velocity, Tables (Data), Astrophysics, LINE FORMATION, LINE PROFILES, RADIATIVE TRANSFER, SHOCK WAVES, STARS: PRE--MAIN-SEQUENCE},
         year = 1987,
        month = may,
       volume = {316},
        pages = {323},
          doi = {10.1086/165204},
       adsurl = {https://ui.adsabs.harvard.edu/abs/1987ApJ...316..323H},
      adsnote = {Provided by the SAO/NASA Astrophysics Data System}
}

@ARTICLE{Kama19,
       author = {{Kama}, Mihkel and {Shorttle}, Oliver and {Jermyn}, Adam S. and {Folsom}, Colin P. and {Furuya}, Kenji and {Bergin}, Edwin A. and {Walsh}, Catherine and {Keller}, Lindsay},
        title = "{Abundant Refractory Sulfur in Protoplanetary Disks}",
      journal = {\apj},
     keywords = {Planet formation, Protoplanetary disks, Astrochemistry, Meteorite composition, Chemically peculiar stars, 1241, 1300, 75, 1037, 226, Astrophysics - Earth and Planetary Astrophysics},
         year = 2019,
        month = nov,
       volume = {885},
       number = {2},
          eid = {114},
        pages = {114},
          doi = {10.3847/1538-4357/ab45f8},
archivePrefix = {arXiv},
       eprint = {1908.05169},
 primaryClass = {astro-ph.EP},
       adsurl = {https://ui.adsabs.harvard.edu/abs/2019ApJ...885..114K},
      adsnote = {Provided by the SAO/NASA Astrophysics Data System}
}

@ARTICLE{Williams05,
       author = {{Williams}, Jonathan P. and {Andrews}, Sean M. and {Wilner}, David J.},
        title = "{The Masses of the Orion Proplyds from Submillimeter Dust Emission}",
      journal = {\apj},
     keywords = {Stars: Circumstellar Matter, ISM: Individual: Name: Orion Nebula, ISM: individual (Trapezium cluster), Stars: Formation, Astrophysics},
         year = 2005,
        month = nov,
       volume = {634},
       number = {1},
        pages = {495-500},
          doi = {10.1086/444493},
archivePrefix = {arXiv},
       eprint = {astro-ph/0506225},
 primaryClass = {astro-ph},
       adsurl = {https://ui.adsabs.harvard.edu/abs/2005ApJ...634..495W},
      adsnote = {Provided by the SAO/NASA Astrophysics Data System}
}


@ARTICLE{Pinilla2012,
       author = {{Pinilla}, P. and {Benisty}, M. and {Birnstiel}, T.},
        title = "{Ring shaped dust accumulation in transition disks}",
      journal = {\aap},
     keywords = {accretion, accretion disks, circumstellar matter, stars: pre-main sequence, planetary systems, planets and satellites: formation, stars: individual: LkCa15, Astrophysics - Earth and Planetary Astrophysics},
         year = 2012,
        month = sep,
       volume = {545},
          eid = {A81},
        pages = {A81},
          doi = {10.1051/0004-6361/201219315},
archivePrefix = {arXiv},
       eprint = {1207.6485},
 primaryClass = {astro-ph.EP},
       adsurl = {https://ui.adsabs.harvard.edu/abs/2012A&A...545A..81P},
      adsnote = {Provided by the SAO/NASA Astrophysics Data System}
}


@ARTICLE{Birnstiel16,
       author = {{Birnstiel}, T. and {Fang}, M. and {Johansen}, A.},
        title = "{Dust Evolution and the Formation of Planetesimals}",
      journal = {\ssr},
     keywords = {Accretion disks, Planets and satellites: formation, Protoplanetary disks, Circumstellar matter, Astrophysics - Solar and Stellar Astrophysics, Astrophysics - Earth and Planetary Astrophysics},
         year = 2016,
        month = dec,
       volume = {205},
       number = {1-4},
        pages = {41-75},
          doi = {10.1007/s11214-016-0256-1},
archivePrefix = {arXiv},
       eprint = {1604.02952},
 primaryClass = {astro-ph.SR},
       adsurl = {https://ui.adsabs.harvard.edu/abs/2016SSRv..205...41B},
      adsnote = {Provided by the SAO/NASA Astrophysics Data System}
}

@ARTICLE{DeCia2021,
       author = {{De Cia}, Annalisa and {Jenkins}, Edward B. and {Fox}, Andrew J. and {Ledoux}, C{\'e}dric and {Ramburuth-Hurt}, Tanita and {Konstantopoulou}, Christina and {Petitjean}, Patrick and {Krogager}, Jens-Kristian},
        title = "{Large metallicity variations in the Galactic interstellar medium}",
      journal = {\nat},
     keywords = {Astrophysics - Astrophysics of Galaxies, Astrophysics - Cosmology and Nongalactic Astrophysics, Astrophysics - Solar and Stellar Astrophysics},
         year = 2021,
        month = sep,
       volume = {597},
       number = {7875},
        pages = {206-208},
          doi = {10.1038/s41586-021-03780-0},
archivePrefix = {arXiv},
       eprint = {2109.03249},
 primaryClass = {astro-ph.GA},
       adsurl = {https://ui.adsabs.harvard.edu/abs/2021Natur.597..206D},
      adsnote = {Provided by the SAO/NASA Astrophysics Data System}
}

@ARTICLE{ODell2017,
       author = {{O'Dell}, C.~R. and {Kollatschny}, W. and {Ferland}, G.~J.},
        title = "{Which Stars Are Ionizing the Orion Nebula?}",
      journal = {\apj},
     keywords = {H II regions, ISM: individual objects: Orion Nebula, stars: individual: {\ensuremath{\theta}}1 Ori C, {\ensuremath{\theta}}2 Ori A},
         year = 2017,
        month = mar,
       volume = {837},
       number = {2},
          eid = {151},
        pages = {151},
          doi = {10.3847/1538-4357/aa6198},
       adsurl = {https://ui.adsabs.harvard.edu/abs/2017ApJ...837..151O},
      adsnote = {Provided by the SAO/NASA Astrophysics Data System}
}



@ARTICLE{Odell1993,
       author = {{O'Dell}, C.~R. and {Wen}, Zheng and {Hu}, Xihai},
        title = "{Discovery of New Objects in the Orion Nebula on HST Images: Shocks, Compact Sources, and Protoplanetary Disks}",
      journal = {\apj},
     keywords = {Herbig-Haro Objects, Hubble Space Telescope, Orion Nebula, Pre-Main Sequence Stars, Protoplanets, Spaceborne Astronomy, Astronomical Models, Charge Coupled Devices, Ionization, Molecular Clouds, Shock Waves, Astrophysics, ISM: H II REGIONS, ISM: INDIVIDUAL NAME: ORION NEBULA, ISM: JETS AND OUTFLOWS, STARS: FORMATION},
         year = 1993,
        month = jun,
       volume = {410},
        pages = {696},
          doi = {10.1086/172786},
       adsurl = {https://ui.adsabs.harvard.edu/abs/1993ApJ...410..696O},
      adsnote = {Provided by the SAO/NASA Astrophysics Data System}
}






@ARTICLE{henney99,
       author = {{Henney}, W.~J. and {O'Dell}, C.~R.},
        title = "{A Keck High-Resolution Spectroscopic Study of the Orion Nebula Proplyds}",
      journal = {\aj},
     keywords = {ISM: H II REGIONS, ISM: INDIVIDUAL: NAME: ORION NEBULA, STARS: FORMATION, Astrophysics},
         year = 1999,
        month = nov,
       volume = {118},
       number = {5},
        pages = {2350-2368},
          doi = {10.1086/301087},
archivePrefix = {arXiv},
       eprint = {astro-ph/9908018},
 primaryClass = {astro-ph},
       adsurl = {https://ui.adsabs.harvard.edu/abs/1999AJ....118.2350H},
      adsnote = {Provided by the SAO/NASA Astrophysics Data System}
}


@INPROCEEDINGS{gildepaz+18,
       author = {{Gil de Paz}, A. and {Carrasco}, E. and {Gallego}, J. and {Iglesias-P{\'a}ramo}, J. and {Cedazo}, R. and {Garc{\'\i}a-Vargas}, M.~L. and {Arrillaga}, X. and {Avil{\'e}s}, J.~L. and {Bouquin}, A. and {Carbajo}, J. and {Cardiel}, N. and {Carrera}, M.~A. and {Castillo-Morales}, A. and {Castillo-Dom{\'\i}nguez}, E. and {Esteban San Rom{\'a}n}, S. and {Ferrusca}, D. and {G{\'o}mez-{\'A}lvarez}, P. and {Izazaga-P{'e}rez}, R. and {Lefort}, B. and {L{\'o}pez-Orozco}, J.~A. and {Maldonado}, M. and {Mart{\'\i}nez-Delgado}, I. and {Morales-Dur{\'a}n}, I. and {Mujica}, E. and {P{\'a}ez}, G. and {Pascual}, S. and {P{\'e}rez-Calpena}, A. and {Picazo}, P. and {S{\'a}nchez-Penim}, A. and {S{\'a}nchez-Blanco}, E. and {Tulloch}, S. and {Vel{\'a}zquez}, M. and {V{\'\i}lchez}, J.~M. and {Zamorano}, J. and {Aguerri}, A.~L. and {Barrado y Navascues}, D. and {Berlanas}, S.~R. and {Bertone}, E. and {Cava}, A. and {Catal{\'a}n-Torrecilla}, C. and {Cenarro}, J. and {Ch{\'a}vez}, M. and {Dullo}, B.~T. and {Garc{\'\i}a}, M. and {Garc{\'\i}a-Rojas}, J. and {Guichard}, J. and {Gonz{\'a}lez-Delgado}, R. and {Guzm{\'a}n}, R. and {Herrero}, A. and {Hu{\'e}lamo}, N. and {Hughes}, D.~H. and {Jim{\'e}nez-Vicente}, J. and {Kehrig}, C. and {Marino}, R.~A. and {M{\'a}rquez}, I. and {Masegosa}, J. and {Mayya}, D. and {M{\'e}ndez-Abreu}, J. and {Moll{\'a}}, M. and {Mu{\~n}oz-Tu{\~n}{\'o}n}, C. and {Peimbert}, M. and {P{\'e}rez-Gonz{\'a}lez}, P.~G. and {P{\'e}rez-Montero}, E. and {Rodr{\'\i}guez}, M. and {Rodr{\'\i}guez-Espinosa}, J.~M. and {Rodr{\'\i}guez Merino}, L. and {Rodr{\'\i}guez-Mu{\~n}oz}, L. and {Rosa-Gonz{\'a}lez}, D. and {S{\'a}nchez-Almeida}, J. and {S{\'a}nchez-Contreras}, C. and {S{\'a}nchez-Bl{\'a}zquez}, P. and {S{\'a}nchez}, S.~F. and {Sarajedini}, A. and {Silich}, S. and {Sim{\'o}n-D{\'\i}az}, S. and {Tenorio-Tagle}, G. and {Terlevich}, E. and {Terlevich}, R. and {Torres-Peimbert}, S. and {Trujillo}, I. and {Tsamis}, Y. and {Vega}, O.},
        title = "{First scientific observations with MEGARA at GTC}",
    booktitle = {Ground-based and Airborne Instrumentation for Astronomy VII},
         year = 2018,
       editor = {{Evans}, Christopher J. and {Simard}, Luc and {Takami}, Hideki},
       series = {Society of Photo-Optical Instrumentation Engineers (SPIE) Conference Series},
       volume = {10702},
        month = jul,
          eid = {1070217},
        pages = {1070217},
          doi = {10.1117/12.2313299},
       adsurl = {https://ui.adsabs.harvard.edu/abs/2018SPIE10702E..17G},
      adsnote = {Provided by the SAO/NASA Astrophysics Data System}
}

@INPROCEEDINGS{pascual+19,
       author = {{Pascual}, S. and {Cardiel}, N. and {Gil de Paz}, A. and {Carasco}, E. and {Gallego}, J. and {Iglesias-P{\'a}ramo}, J. and {Cedazo}, R.},
        title = "{MEGARA Data Reduction Pipeline}",
    booktitle = {Highlights on Spanish Astrophysics X},
         year = 2019,
       editor = {{Montesinos}, B. and {Asensio Ramos}, A. and {Buitrago}, F. and {Sch{\"o}del}, R. and {Villaver}, E. and {P{\'e}rez-Hoyos}, S. and {Ord{\'o}{\~n}ez-Etxeberria}, I.},
        month = mar,
        pages = {227-227},
       adsurl = {https://ui.adsabs.harvard.edu/abs/2019hsax.conf..227P},
      adsnote = {Provided by the SAO/NASA Astrophysics Data System}
}

@MISC{pascual+20,
       author = {{Pascual}, Sergio and {Cardiel}, Nicol{\'a}s and {Picazo-Sanchez}, Pablo and {Castillo-Morales}, Africa and {Gil De Paz}, Armando},
        title = "{guaix-ucm/megaradrp: v0.11}",
     keywords = {python, GTC},
         year = 2021,
        month = mar,
          eid = {10.5281/zenodo.593647},
          doi = {10.5281/zenodo.593647},
      version = {v0.11},
    publisher = {Zenodo},
       adsurl = {https://ui.adsabs.harvard.edu/abs/2020zndo....593647P},
      adsnote = {Provided by the SAO/NASA Astrophysics Data System}
}


@MISC{gildepaz+20,
       author = {{Gil De Paz}, Armando and {Pascual}, Sergio and {Chamorro-Cazorla}, Mario},
        title = "{guaix-ucm/megara-tools: Release v0.1.1}",
     keywords = {python, GTC, MEGARA},
         year = 2020,
        month = nov,
          eid = {10.5281/zenodo.4264048},
          doi = {10.5281/zenodo.4264048},
      version = {v0.1.1},
    publisher = {Zenodo},
       adsurl = {https://ui.adsabs.harvard.edu/abs/2020zndo...4264048G},
      adsnote = {Provided by the SAO/NASA Astrophysics Data System}
}


@INPROCEEDINGS{Beckwith2000,
       author = {{Beckwith}, S.~V.~W. and {Henning}, T. and {Nakagawa}, Y.},
        title = "{Dust Properties and Assembly of Large Particles in Protoplanetary Disks}",
     keywords = {Astrophysics},
    booktitle = {Protostars and Planets IV},
         year = 2000,
       editor = {{Mannings}, V. and {Boss}, A.~P. and {Russell}, S.~S.},
        month = may,
        pages = {533},
archivePrefix = {arXiv},
       eprint = {astro-ph/9902241},
 primaryClass = {astro-ph},
       adsurl = {https://ui.adsabs.harvard.edu/abs/2000prpl.conf..533B},
      adsnote = {Provided by the SAO/NASA Astrophysics Data System}
}


